10400000         2023354550001930000000000000000000001521008385000000000CENTRO DE FORMACAO DE ENFERMAGC ECON FEDERAL                          22305201102310000049204000000                    RETORNO-PRODUCAO                  000            
10400011T0100030 20023354550001930000000000000000000001521008385000000000CENTRO DE FORMACAO DE ENFERMAG                                                                                00000492230520110000000000                          00   
1040001300001T 060000000838500000000   1400000000022846721               20052011000000000018500000015760                         090000000000000000                                                  000000000000161020101                     
1040001300002U 06000000000000553000000000000000000000000000000000000000000000000000000019053000000000019053000000000000000000000000000000230520112405201100002405201100000000000000000000000000000000000000000000000000000000000000000000       
1040001300003T 060000000838500000000   1400000000000222041               20052011000000000020500000039580                         090000000000000000                                                  000000000000161020101                     
1040001300004U 06000000000000614000000000000000000000000000000000000000000000000000000021114000000000021114000000000000000000000000000000230520112405201100002405201100000000000000000000000000000000000000000000000000000000000000000000       
1040001300005T 060000000838500000000   1400000000022021021               20052011000000000023000000039580                         090000000000000000                                                  000000000000161020101                     
1040001300006U 06000000000000536000000000000000000000000000000000000000000000000000000023536000000000023536000000000000000000000000000000230520112405201100002405201100000000000000000000000000000000000000000000000000000000000000000000       
1040001300007T 060000000838500000000   240000000000044710100000000000000020052011000000000020500000017390000000000000000          090000000000000000                                                  000000000000161020101                     
1040001300008U 06000000000000614000000000000000000000000000000000000000000000000000000021114000000000021114000000000000000000000000000000230520112405201100002405201100000000000000000000000000000000000000000000000000000000000000000000       
1040001300009T 060000000838500000000   1400000000022032061               20052011000000000017820000031200                         090000000000000000                                                  000000000000161020101                     
1040001300010U 06000000000000000000000000000000000000000000000000000000000000000000000017820000000000017820000000000000000000000000000000230520112405201100002405201100000000000000000000000000000000000000000000000000000000000000000000       
1040001300011T 280000000838500000000                     0               00000000000000000000000000000000                         000000000000000000                                                  0000000000001040000000000                 
1040001300012U 280000000000000000000000000000000000000000000000000000000000000000000000000000000000000000000000000000000000000000000000002305201100000000000023052011000000000000000                              000                           
10400015         00001400000000000000000000000000000000000000000000000000000000000000000000000000000000000000000000                                                                                                                             
10499999         000001000016                                                                                                                                                                                                                   
