10400000         2023354550001930000000000000000000001521008385000000000CENTRO DE FORMACAO DE ENFERMAGC ECON FEDERAL                          22505201101451400049304000000                    RETORNO-PRODUCAO                  000            
10400011T0100030 20023354550001930000000000000000000001521008385000000000CENTRO DE FORMACAO DE ENFERMAG                                                                                00000493250520110000000000                          00   
1040001300001T 060000000838500000000   1400000000000200231               30052011000000000020500000013070                         090000000000000000                                                  000000000000161020101                     
1040001300002U 06000000000000000000000000004715000000000000000000000000000000000000000015785000000000015785000000000000000000000000000000250520112605201100002605201100000000000000000000000000000000000000000000000000000000000000000000       
1040001300003T 060000000838500000000   1400000000022925191               31052011000000000018576000017390                         090000000000000000                                                  000000000000161020101                     
1040001300004U 06000000000000000000000000002229000000000000000000000000000000000000000016347000000000016347000000000000000000000000000000250520112605201100002605201100000000000000000000000000000000000000000000000000000000000000000000       
1040001300005T 060000000838500000000   240000000000027638100000000000000020052011000000000018576000015760000000000000000          090000000000000000                                                  000000000000161020101                     
1040001300006U 06000000000000677000000000000000000000000000000000000000000000000000000019253000000000019253000000000000000000000000000000250520112605201100002605201100000000000000000000000000000000000000000000000000000000000000000000       
1040001300007T 280000000838500000000                     0               00000000000000000000000000000000                         000000000000000000                                                  0000000000000520000000000                 
1040001300008U 280000000000000000000000000000000000000000000000000000000000000000000000000000000000000000000000000000000000000000000000002505201100000000000025052011000000000000000                              000                           
10400015         00001000000000000000000000000000000000000000000000000000000000000000000000000000000000000000000000                                                                                                                             
10499999         000001000012                                                                                                                                                                                                                   
