10400000         2023354550001930000000000000000000001521008385000000000CENTRO DE FORMACAO DE ENFERMAGC ECON FEDERAL                          22605201101473200049404000000                    RETORNO-PRODUCAO                  000            
10400011T0100030 20023354550001930000000000000000000001521008385000000000CENTRO DE FORMACAO DE ENFERMAG                                                                                00000494260520110000000000                          00   
1040001300001T 060000000838500000000   1400000000021555031               31052011000000000021276000006710                         090000000000000000                                                  000000000000320030100                     
1040001300002U 06000000000000000000000000001064000000000000000000000000000000000000000020212000000000020212000000000000000000000000000000260520112605201100002605201100000000000000000000000000000000000000000000000000000000000000000000       
1040001300003T 060000000838500000000   1400000000023488081               10062011000000000019900000015210                         090000000000000000                                                  000000000000161020101                     
1040001300004U 06000000000000000000000000002985000000000000000000000000000000000000000016915000000000016915000000000000000000000000000000260520112705201100002705201100000000000000000000000000000000000000000000000000000000000000000000       
1040001300005T 060000000838500000000   1400000000000152401               30052011000000000018576000015210                         090000000000000000                                                  000000000000161020101                     
1040001300006U 06000000000000000000000000003344000000000000000000000000000000000000000015232000000000015232000000000000000000000000000000260520112705201100002705201100000000000000000000000000000000000000000000000000000000000000000000       
1040001300007T 060000000838500000000   1400000000022083641               31052011000000000017820000015210                         090000000000000000                                                  000000000000161020101                     
1040001300008U 06000000000000000000000000001426000000000000000000000000000000000000000016394000000000016394000000000000000000000000000000260520112705201100002705201100000000000000000000000000000000000000000000000000000000000000000000       
1040001300009T 280000000838500000000                     0               00000000000000000000000000000000                         000000000000000000                                                  0000000000001040000000000                 
1040001300010U 280000000000000000000000000000000000000000000000000000000000000000000000000000000000000000000000000000000000000000000000002605201100000000000026052011000000000000000                              000                           
10400015         00001200000000000000000000000000000000000000000000000000000000000000000000000000000000000000000000                                                                                                                             
10499999         000001000014                                                                                                                                                                                                                   
