10400000         2023354550001930000000000000000000001521008385000000000CENTRO DE FORMACAO DE ENFERMAGC ECON FEDERAL                          22705201101324400049504000000                    RETORNO-PRODUCAO                  000            
10400011T0100030 20023354550001930000000000000000000001521008385000000000CENTRO DE FORMACAO DE ENFERMAG                                                                                00000495270520110000000000                          00   
1040001300001T 060000000838500000000   1400000000024161291               20052011000000000020062000014130                         090000000000000000                                                  000000000000320030100                     
1040001300002U 06000000000000863000000000000000000000000000000000000000000000000000000020925000000000020925000000000000000000000000000000270520112705201100002705201100000000000000000000000000000000000000000000000000000000000000000000       
1040001300003T 060000000838500000000   1400000000022977231               31052011000000000015000000015210                         090000000000000000                                                  000000000000161020101                     
1040001300004U 06000000000000000000000000001200000000000000000000000000000000000000000013800000000000013800000000000000000000000000000000270520113005201100003005201100000000000000000000000000000000000000000000000000000000000000000000       
1040001300005T 060000000838500000000   1400000000000177741               30052011000000000020500000000270                         090000000000000000                                                  000000000000161020101                     
1040001300006U 06000000000000000000000000004715000000000000000000000000000000000000000015785000000000015785000000000000000000000000000000270520113005201100003005201100000000000000000000000000000000000000000000000000000000000000000000       
1040001300007T 060000000838500000000  9000000000000004931100000000000000030052011000000000020500000014130000000000000000          090000000000000000                                                  000000000000161020101                     
1040001300008U 06000000000000000000000000003485000000000000000000000000000000000000000017015000000000017015000000000000000000000000000000270520113005201100003005201100000000000000000000000000000000000000000000000000000000000000000000       
1040001300009T 060000000838500000000   1400000000021591261               20052011000000000018500000015210                         090000000000000000                                                  000000000000161020101                     
1040001300010U 06000000000000797000000000000000000000000000000000000000000000000000000019297000000000019297000000000000000000000000000000270520113005201100003005201100000000000000000000000000000000000000000000000000000000000000000000       
1040001300011T 060000000838500000000   1400000000022029001               30052011000000000017820000015210                         090000000000000000                                                  000000000000161020101                     
1040001300012U 06000000000000000000000000002673000000000000000000000000000000000000000015147000000000015147000000000000000000000000000000270520113005201100003005201100000000000000000000000000000000000000000000000000000000000000000000       
1040001300013T 060000000838500000000   1400000000000236501               30052011000000000020500001016120                         090000000000000000                                                  000000000000326040101                     
1040001300014U 06000000000000000000000000003485000000000000000000000000000000000000000017015000000000017015000000000000000000000000000000270520113005201100003005201100000000000000000000000000000000000000000000000000000000000000000000       
1040001300015T 280000000838500000000                     0               00000000000000000000000000000000                         000000000000000000                                                  0000000000001560000000000                 
1040001300016U 280000000000000000000000000000000000000000000000000000000000000000000000000000000000000000000000000000000000000000000000002705201100000000000027052011000000000000000                              000                           
10400015         00001800000000000000000000000000000000000000000000000000000000000000000000000000000000000000000000                                                                                                                             
10499999         000001000020                                                                                                                                                                                                                   
