10400000         2023354550001930000000000000000000001521008385000000000CENTRO DE FORMACAO DE ENFERMAGC ECON FEDERAL                          20106201101330100049804000000                    RETORNO-PRODUCAO                  000            
10400011T0100030 20023354550001930000000000000000000001521008385000000000CENTRO DE FORMACAO DE ENFERMAG                                                                                00000498010620110000000000                          00   
1040001300001T 060000000838500000000   1400000000000202791               20062011000000000020500000017390                         090000000000000000                                                  000000000000320030100                     
1040001300002U 06000000000000000000000000004715000000000000000000000000000000000000000015785000000000015785000000000000000000000000000000010620110106201100000106201100000000000000000000000000000000000000000000000000000000000000000000       
1040001300003T 060000000838500000000   1400000000023568001               10062011000000000017820000039580                         090000000000000000                                                  000000000000320030100                     
1040001300004U 06000000000000000000000000000891000000000000000000000000000000000000000016929000000000016929000000000000000000000000000000010620110106201100000106201100000000000000000000000000000000000000000000000000000000000000000000       
1040001300005T 060000000838500000000   1400000000023586921               10062011000000000020062000000270                         090000000000000000                                                  000000000000161020101                     
1040001300006U 06000000000000000000000000001605000000000000000000000000000000000000000018457000000000018457000000000000000000000000000000010620110206201100000206201100000000000000000000000000000000000000000000000000000000000000000000       
1040001300007T 060000000838500000000   1400000000024111351               10062011000000000019246001029530                         090000000000000000                                                  000000000000326040101                     
1040001300008U 06000000000000000000000000001540000000000000000000000000000000000000000017706000000000017706000000000000000000000000000000010620110206201100000206201100000000000000000000000000000000000000000000000000000000000000000000       
1040001300009T 060000000838500000000   240000000000042815100000000000000010062011000000000018576000014130000000000000000          090000000000000000                                                  000000000000161020101                     
1040001300010U 06000000000000000000000000001486000000000000000000000000000000000000000017090000000000017090000000000000000000000000000000010620110206201100000206201100000000000000000000000000000000000000000000000000000000000000000000       
1040001300011T 060000000838500000000   1400000000022340121               10052011000000000018576000017390                         090000000000000000                                                  000000000000161020101                     
1040001300012U 06000000000001652000000000000000000000000000000000000000000000000000000020228000000000020228000000000000000000000000000000010620110206201100000206201100000000000000000000000000000000000000000000000000000000000000000000       
1040001300013T 060000000838500000000   1400000000022624311               20052011000000000018576000015760                         090000000000000000                                                  000000000000161020101                     
1040001300014U 06000000000001042000000000000000000000000000000000000000000000000000000019618000000000019618000000000000000000000000000000010620110206201100000206201100000000000000000000000000000000000000000000000000000000000000000000       
1040001300015T 060000000838500000000   1400000000022281951               31052011000000000019224000014130                         090000000000000000                                                  000000000000161020101                     
1040001300016U 06000000000000000000000000000000000000000000000000000000000000000000000019224000000000019224000000000000000000000000000000010620110206201100000206201100000000000000000000000000000000000000000000000000000000000000000000       
1040001300017T 060000000838500000000   1400000000000195641               10062011000000000020500000015210                         090000000000000000                                                  000000000000161020101                     
1040001300018U 06000000000000000000000000004715000000000000000000000000000000000000000015785000000000015785000000000000000000000000000000010620110206201100000206201100000000000000000000000000000000000000000000000000000000000000000000       
1040001300019T 280000000838500000000                     0               00000000000000000000000000000000                         000000000000000000                                                  0000000000002080000000000                 
1040001300020U 280000000000000000000000000000000000000000000000000000000000000000000000000000000000000000000000000000000000000000000000000106201100000000000001062011000000000000000                              000                           
10400015         00002200000000000000000000000000000000000000000000000000000000000000000000000000000000000000000000                                                                                                                             
10499999         000001000024                                                                                                                                                                                                                   
