10400000         2023354550001930000000000000000000001521008385000000000CENTRO DE FORMACAO DE ENFERMAGC ECON FEDERAL                          23105201101332000049704000000                    RETORNO-PRODUCAO                  000            
10400011T0100030 20023354550001930000000000000000000001521008385000000000CENTRO DE FORMACAO DE ENFERMAG                                                                                00000497310520110000000000                          00   
1040001300001T 060000000838500000000   1400000000022931161               31052011000000000017820000020630                         090000000000000000                                                  000000000000161020101                     
1040001300002U 06000000000000000000000000001426000000000000000000000000000000000000000016394000000000016394000000000000000000000000000000310520110106201100000106201100000000000000000000000000000000000000000000000000000000000000000000       
1040001300003T 060000000838500000000   1400000000021716141               10062011000000000018500000039580                         090000000000000000                                                  000000000000161020101                     
1040001300004U 06000000000000000000000000002775000000000000000000000000000000000000000015725000000000015725000000000000000000000000000000310520110106201100000106201100000000000000000000000000000000000000000000000000000000000000000000       
1040001300005T 060000000838500000000   1400000000023468801               31052011000000000019900000015770                         090000000000000000                                                  000000000000161020101                     
1040001300006U 06000000000000000000000000002985000000000000000000000000000000000000000016915000000000016915000000000000000000000000000000310520110106201100000106201100000000000000000000000000000000000000000000000000000000000000000000       
1040001300007T 060000000838500000000   1400000000023491971               31052011000000000019900000007670                         090000000000000000                                                  000000000000161020101                     
1040001300008U 06000000000000000000000000002985000000000000000000000000000000000000000016915000000000016915000000000000000000000000000000310520110106201100000106201100000000000000000000000000000000000000000000000000000000000000000000       
1040001300009T 060000000838500000000   1400000000023525701               10062011000000000019900000015760                         090000000000000000                                                  000000000000161020101                     
1040001300010U 06000000000000000000000000001592000000000000000000000000000000000000000018308000000000018308000000000000000000000000000000310520110106201100000106201100000000000000000000000000000000000000000000000000000000000000000000       
1040001300011T 060000000838500000000   1400000000023628511               31052011000000000022140000014050                         090000000000000000                                                  000000000000161020101                     
1040001300012U 06000000000000000000000000001771000000000000000000000000000000000000000020369000000000020369000000000000000000000000000000310520110106201100000106201100000000000000000000000000000000000000000000000000000000000000000000       
1040001300013T 060000000838500000000   1400000000024471051               31052011000000000015000000015760                         090000000000000000                                                  000000000000161020101                     
1040001300014U 06000000000000000000000000001200000000000000000000000000000000000000000013800000000000013800000000000000000000000000000000310520110106201100000106201100000000000000000000000000000000000000000000000000000000000000000000       
1040001300015T 060000000838500000000   1400000000022286911               10062011000000000019246000039580                         090000000000000000                                                  000000000000161020101                     
1040001300016U 06000000000000000000000000002887000000000000000000000000000000000000000016359000000000016359000000000000000000000000000000310520110106201100000106201100000000000000000000000000000000000000000000000000000000000000000000       
1040001300017T 060000000838500000000   1400000000024137401               31052011000000000020062000015760                         090000000000000000                                                  000000000000161020101                     
1040001300018U 06000000000000000000000000001605000000000000000000000000000000000000000018457000000000018457000000000000000000000000000000310520110106201100000106201100000000000000000000000000000000000000000000000000000000000000000000       
1040001300019T 060000000838500000000   1400000000023019501               31052011000000000018576000015760                         090000000000000000                                                  000000000000149060101                     
1040001300020U 06000000000000000000000000001486000000000000000000000000000000000000000017090000000000017090000000000000000000000000000000310520110106201100000106201100000000000000000000000000000000000000000000000000000000000000000000       
1040001300021T 060000000838500000000   1400000000022883331               31052011000000000018576000015210                         090000000000000000                                                  000000000000161020101                     
1040001300022U 06000000000000000000000000001486000000000000000000000000000000000000000017090000000000017090000000000000000000000000000000310520110106201100000106201100000000000000000000000000000000000000000000000000000000000000000000       
1040001300023T 280000000838500000000                     0               00000000000000000000000000000000                         000000000000000000                                                  0000000000002860000000000                 
1040001300024U 280000000000000000000000000000000000000000000000000000000000000000000000000000000000000000000000000000000000000000000000003105201100000000000031052011000000000000000                              000                           
10400015         00002600000000000000000000000000000000000000000000000000000000000000000000000000000000000000000000                                                                                                                             
10499999         000001000028                                                                                                                                                                                                                   
