10400000         2023354550001930000000000000000000001521008385000000000CENTRO DE FORMACAO DE ENFERMAGC ECON FEDERAL                          20206201102240400049904000000                    RETORNO-PRODUCAO                  000            
10400011T0100030 20023354550001930000000000000000000001521008385000000000CENTRO DE FORMACAO DE ENFERMAG                                                                                00000499020620110000000000                          00   
1040001300001T 060000000838500000000   1400000000000178201               30052011000000000020500000031200                         090000000000000000                                                  000000000000161020101                     
1040001300002U 06000000000000614000000000000000000000000000000000000000000000000000000021114000000000021114000000000000000000000000000000020620110306201100000306201100000000000000000000000000000000000000000000000000000000000000000000       
1040001300003T 060000000838500000000   1400000000021677571               10062011000000000017820000039580                         090000000000000000                                                  000000000000161020101                     
1040001300004U 06000000000000000000000000002673000000000000000000000000000000000000000015147000000000015147000000000000000000000000000000020620110306201100000306201100000000000000000000000000000000000000000000000000000000000000000000       
1040001300005T 060000000838500000000   1400000000021724401               31052011000000000018500000015760                         090000000000000000                                                  000000000000161020101                     
1040001300006U 06000000000000000000000000000000000000000000000000000000000000000000000018500000000000018500000000000000000000000000000000020620110306201100000306201100000000000000000000000000000000000000000000000000000000000000000000       
1040001300007T 060000000838500000000   1400000000021990041               10062011000000000020500000015210                         090000000000000000                                                  000000000000161020101                     
1040001300008U 06000000000000000000000000003075000000000000000000000000000000000000000017425000000000017425000000000000000000000000000000020620110306201100000306201100000000000000000000000000000000000000000000000000000000000000000000       
1040001300009T 060000000838500000000   1400000000022847701               20062011000000000018500000013070                         090000000000000000                                                  000000000000161020101                     
1040001300010U 06000000000000000000000000001480000000000000000000000000000000000000000017020000000000017020000000000000000000000000000000020620110306201100000306201100000000000000000000000000000000000000000000000000000000000000000000       
1040001300011T 060000000838500000000   240000000000040553100000000000000030052011000000000018576000015760000000000000000          090000000000000000                                                  000000000000161020101                     
1040001300012U 06000000000000555000000000000000000000000000000000000000000000000000000019131000000000019131000000000000000000000000000000020620110306201100000306201100000000000000000000000000000000000000000000000000000000000000000000       
1040001300013T 060000000838500000000  9000000000000014180100000000000000010062011000000000018576000015210000000000000000          090000000000000000                                                  000000000000161020101                     
1040001300014U 06000000000000000000000000003344000000000000000000000000000000000000000015232000000000015232000000000000000000000000000000020620110306201100000306201100000000000000000000000000000000000000000000000000000000000000000000       
1040001300015T 280000000838500000000                     0               00000000000000000000000000000000                         000000000000000000                                                  0000000000001300000000000                 
1040001300016U 280000000000000000000000000000000000000000000000000000000000000000000000000000000000000000000000000000000000000000000000000206201100000000000002062011000000000000000                              000                           
10400015         00001800000000000000000000000000000000000000000000000000000000000000000000000000000000000000000000                                                                                                                             
10499999         000001000020                                                                                                                                                                                                                   
