10400000         2023354550001930000000000000000000001521008385000000000CENTRO DE FORMACAO DE ENFERMAGC ECON FEDERAL                          20606201102220700050104000000                    RETORNO-PRODUCAO                  000            
10400011T0100030 20023354550001930000000000000000000001521008385000000000CENTRO DE FORMACAO DE ENFERMAG                                                                                00000501060620110000000000                          00   
1040001300001T 060000000838500000000   1400000000021683541               10062011000000000017820000015770                         090000000000000000                                                  000000000000161020101                     
1040001300002U 06000000000000000000000000002673000000000000000000000000000000000000000015147000000000015147000000000000000000000000000000060620110706201100000706201100000000000000000000000000000000000000000000000000000000000000000000       
1040001300003T 060000000838500000000   1400000000022001771               20062011000000000020500000015770                         090000000000000000                                                  000000000000161020101                     
1040001300004U 06000000000000000000000000001640000000000000000000000000000000000000000018860000000000018860000000000000000000000000000000060620110706201100000706201100000000000000000000000000000000000000000000000000000000000000000000       
1040001300005T 060000000838500000000   1400000000022882281               10062011000000000018500237013190                         090000000000000000                                                  000000000000326040101                     
1040001300006U 06000000000000000000000000002775000000000000000000000000000000000000000015725000000000015725000000000000000000000000000000060620110706201100000706201100000000000000000000000000000000000000000000000000000000000000000000       
1040001300007T 060000000838500000000   1400000000022918301               10062011000000000017820000015210                         090000000000000000                                                  000000000000161020101                     
1040001300008U 06000000000000000000000000001426000000000000000000000000000000000000000016394000000000016394000000000000000000000000000000060620110706201100000706201100000000000000000000000000000000000000000000000000000000000000000000       
1040001300009T 060000000838500000000   1400000000022967941               10062011000000000015000000015210                         090000000000000000                                                  000000000000161020101                     
1040001300010U 06000000000000000000000000001800000000000000000000000000000000000000000013200000000000013200000000000000000000000000000000060620110706201100000706201100000000000000000000000000000000000000000000000000000000000000000000       
1040001300011T 060000000838500000000   1400000000022986901               10062011000000000015000000016490                         090000000000000000                                                  000000000000161020101                     
1040001300012U 06000000000000000000000000001200000000000000000000000000000000000000000013800000000000013800000000000000000000000000000000060620110706201100000706201100000000000000000000000000000000000000000000000000000000000000000000       
1040001300013T 060000000838500000000   1400000000023474961               10062011000000000019900000000270                         090000000000000000                                                  000000000000161020101                     
1040001300014U 06000000000000000000000000002985000000000000000000000000000000000000000016915000000000016915000000000000000000000000000000060620110706201100000706201100000000000000000000000000000000000000000000000000000000000000000000       
1040001300015T 060000000838500000000   1400000000023493081               10062011000000000019900001000200                         090000000000000000                                                  000000000000326040101                     
1040001300016U 06000000000000000000000000002985000000000000000000000000000000000000000016915000000000016915000000000000000000000000000000060620110706201100000706201100000000000000000000000000000000000000000000000000000000000000000000       
1040001300017T 060000000838500000000   1400000000023593621               30062011000000000020062000014050                         090000000000000000                                                  000000000000161020101                     
1040001300018U 06000000000000000000000000001605000000000000000000000000000000000000000018457000000000018457000000000000000000000000000000060620110706201100000706201100000000000000000000000000000000000000000000000000000000000000000000       
1040001300019T 060000000838500000000   240000000000006061100000000000000020062011000000000020500000016490000000000000000          090000000000000000                                                  000000000000161020101                     
1040001300020U 06000000000000000000000000001640000000000000000000000000000000000000000018860000000000018860000000000000000000000000000000060620110706201100000706201100000000000000000000000000000000000000000000000000000000000000000000       
1040001300021T 060000000838500000000   240000000000031767100000000000000030062011000000000020500000000270000000000000000          090000000000000000                                                  000000000000161020101                     
1040001300022U 06000000000000000000000000004715000000000000000000000000000000000000000015785000000000015785000000000000000000000000000000060620110706201100000706201100000000000000000000000000000000000000000000000000000000000000000000       
1040001300023T 060000000838500000000   240000000000034502100000000000000010062011000000000015000000015210000000000000000          090000000000000000                                                  000000000000161020101                     
1040001300024U 06000000000000000000000000001500000000000000000000000000000000000000000013500000000000013500000000000000000000000000000000060620110706201100000706201100000000000000000000000000000000000000000000000000000000000000000000       
1040001300025T 060000000838500000000  9000000000000012756100000000000000010062011000000000018576000000270000000000000000          090000000000000000                                                  000000000000161020101                     
1040001300026U 06000000000000000000000000003344000000000000000000000000000000000000000015232000000000015232000000000000000000000000000000060620110706201100000706201100000000000000000000000000000000000000000000000000000000000000000000       
1040001300027T 280000000838500000000                     0               00000000000000000000000000000000                         000000000000000000                                                  0000000000002340000000000                 
1040001300028U 280000000000000000000000000000000000000000000000000000000000000000000000000000000000000000000000000000000000000000000000000606201100000000000006062011000000000000000                              000                           
10400015         00003000000000000000000000000000000000000000000000000000000000000000000000000000000000000000000000                                                                                                                             
10499999         000001000032                                                                                                                                                                                                                   
