10400000         2023354550001930000000000000000000001521008385000000000CENTRO DE FORMACAO DE ENFERMAGC ECON FEDERAL                          20306201101394800050004000000                    RETORNO-PRODUCAO                  000            
10400011T0100030 20023354550001930000000000000000000001521008385000000000CENTRO DE FORMACAO DE ENFERMAG                                                                                00000500030620110000000000                          00   
1040001300001T 060000000838500000000   1400000000023623041               20052011000000000022140000014130                         090000000000000000                                                  000000000000161020101                     
1040001300002U 06000000000001520000000000000000000000000000000000000000000000000000000023660000000000023660000000000000000000000000000000030620110606201100000606201100000000000000000000000000000000000000000000000000000000000000000000       
1040001300003T 060000000838500000000   240000000000029410100000000000000010062011000000000020500237026170000000000000000          090000000000000000                                                  000000000000326040101                     
1040001300004U 06000000000000000000000000004715000000000000000000000000000000000000000015785000000000015785000000000000000000000000000000030620110606201100000606201100000000000000000000000000000000000000000000000000000000000000000000       
1040001300005T 060000000838500000000   1400000000000197181               10062011000000000020500000016490                         090000000000000000                                                  000000000000161020101                     
1040001300006U 06000000000000000000000000004715000000000000000000000000000000000000000015785000000000015785000000000000000000000000000000030620110606201100000606201100000000000000000000000000000000000000000000000000000000000000000000       
1040001300007T 060000000838500000000   240000000000038222100000000000000010062011000000000018576237010240000000000000000          090000000000000000                                                  000000000000326040101                     
1040001300008U 06000000000000000000000000001486000000000000000000000000000000000000000017090000000000017090000000000000000000000000000000030620110606201100000606201100000000000000000000000000000000000000000000000000000000000000000000       
1040001300009T 060000000838500000000   240000000000027158100000000000000020052011000000000018576000015760000000000000000          090000000000000000                                                  000000000000161020101                     
1040001300010U 06000000000000000000000000002229000000000000000000000000000000000000000016347000000000016347000000000000000000000000000000030620110606201100000606201100000000000000000000000000000000000000000000000000000000000000000000       
1040001300011T 280000000838500000000                     0               00000000000000000000000000000000                         000000000000000000                                                  0000000000000520000000000                 
1040001300012U 280000000000000000000000000000000000000000000000000000000000000000000000000000000000000000000000000000000000000000000000000306201100000000000003062011000000000000000                              000                           
10400015         00001400000000000000000000000000000000000000000000000000000000000000000000000000000000000000000000                                                                                                                             
10499999         000001000016                                                                                                                                                                                                                   
