10400000         2116561060001640000000000000000000001521025052100000000A M A PEREIRA                 C ECON FEDERAL                          20701201101444400001204000000                    RETORNO-PRODUCAO                  000            
10400011T0100030 20116561060001640000000000000000000001521025052100000000A M A PEREIRA                                                                                                 00000012070120110000000000                          00   
1040001300001T 060000002505210000000   1400000000020693561               10012011000000000020500237010370                         090000000000000000                                                  000000000000326040101                     
1040001300002U 06000000000000000000000000001640000000000000000000000000000000000000000018860000000000018860000000000000000000000000000000070120111001201100001001201100000000000000000000000000000000000000000000000000000000000000000000       
1040001300003T 060000002505210000000   1400000000022433301               10012011000000000021076000015770                         090000000000000000                                                  000000000000161020101                     
1040001300004U 06000000000000000000000000001686000000000000000000000000000000000000000019390000000000019390000000000000000000000000000000070120111001201100001001201100000000000000000000000000000000000000000000000000000000000000000000       
1040001300005T 280000002505210000000                     0               00000000000000000000000000000000                         000000000000000000                                                  0000000000000520000000000                 
1040001300006U 280000000000000000000000000000000000000000000000000000000000000000000000000000000000000000000000000000000000000000000000000701201100000000000007012011000000000000000                              000                           
10400015         00000800000000000000000000000000000000000000000000000000000000000000000000000000000000000000000000                                                                                                                             
10499999         000001000010                                                                                                                                                                                                                   
