10400000         2023354550001930000000000000000000001521008385000000000CENTRO DE FORMACAO DE ENFERMAGC ECON FEDERAL                          20806201101382900050304000000                    RETORNO-PRODUCAO                  000            
10400011T0100030 20023354550001930000000000000000000001521008385000000000CENTRO DE FORMACAO DE ENFERMAG                                                                                00000503080620110000000000                          00   
1040001300001T 060000000838500000000   240000000000054082100000000000000010062011000000000020500000015210000000000000000          090000000000000000                                                  000000000000320030100                     
1040001300002U 06000000000000000000000000001640000000000000000000000000000000000000000018860000000000018860000000000000000000000000000000080620110806201100000806201100000000000000000000000000000000000000000000000000000000000000000000       
1040001300003T 060000000838500000000   240000000000044621100000000000000010072011000000000020500000000270000000000000000          090000000000000000                                                  000000000000161020101                     
1040001300004U 06000000000000000000000000001640000000000000000000000000000000000000000018860000000000018860000000000000000000000000000000080620110906201100000906201100000000000000000000000000000000000000000000000000000000000000000000       
1040001300005T 060000000838500000000   240000000000059211100000000000000010062011000000000020500000013070000000000000000          090000000000000000                                                  000000000000161020101                     
1040001300006U 06000000000000000000000000003485000000000000000000000000000000000000000017015000000000017015000000000000000000000000000000080620110906201100000906201100000000000000000000000000000000000000000000000000000000000000000000       
1040001300007T 060000000838500000000   1400000000023480001               20062011000000000019900000015210                         090000000000000000                                                  000000000000161020101                     
1040001300008U 06000000000000000000000000002985000000000000000000000000000000000000000016915000000000016915000000000000000000000000000000080620110906201100000906201100000000000000000000000000000000000000000000000000000000000000000000       
1040001300009T 060000000838500000000   1400000000023585871               10062011000000000022140001016130                         090000000000000000                                                  000000000000326040101                     
1040001300010U 06000000000000000000000000001771000000000000000000000000000000000000000020369000000000020369000000000000000000000000000000080620110906201100000906201100000000000000000000000000000000000000000000000000000000000000000000       
1040001300011T 060000000838500000000   1400000000023625331               10062011000000000022140000015760                         090000000000000000                                                  000000000000161020101                     
1040001300012U 06000000000000000000000000001771000000000000000000000000000000000000000020369000000000020369000000000000000000000000000000080620110906201100000906201100000000000000000000000000000000000000000000000000000000000000000000       
1040001300013T 060000000838500000000   240000000000044613100000000000000010062011000000000020500000000270000000000000000          090000000000000000                                                  000000000000161020101                     
1040001300014U 06000000000000000000000000001640000000000000000000000000000000000000000018860000000000018860000000000000000000000000000000080620110906201100000906201100000000000000000000000000000000000000000000000000000000000000000000       
1040001300015T 060000000838500000000   1400000000000158441               10062011000000000018576000015210                         090000000000000000                                                  000000000000161020101                     
1040001300016U 06000000000000000000000000003344000000000000000000000000000000000000000015232000000000015232000000000000000000000000000000080620110906201100000906201100000000000000000000000000000000000000000000000000000000000000000000       
1040001300017T 060000000838500000000   1400000000000224171               10062011000000000020500000015210                         090000000000000000                                                  000000000000161020101                     
1040001300018U 06000000000000000000000000003485000000000000000000000000000000000000000017015000000000017015000000000000000000000000000000080620110906201100000906201100000000000000000000000000000000000000000000000000000000000000000000       
1040001300019T 060000000838500000000   1400000000022007701               10062011000000000020500001056750                         090000000000000000                                                  000000000000326040101                     
1040001300020U 06000000000000000000000000001640000000000000000000000000000000000000000018860000000000018860000000000000000000000000000000080620110906201100000906201100000000000000000000000000000000000000000000000000000000000000000000       
1040001300021T 060000000838500000000   1400000000022316761               10062011000000000018576001029530                         090000000000000000                                                  000000000000326040101                     
1040001300022U 06000000000000000000000000001858000000000000000000000000000000000000000016718000000000016718000000000000000000000000000000080620110906201100000906201100000000000000000000000000000000000000000000000000000000000000000000       
1040001300023T 060000000838500000000   1400000000022967001               10062011000000000018576237004080                         090000000000000000                                                  000000000000326040101                     
1040001300024U 06000000000000000000000000001486000000000000000000000000000000000000000017090000000000017090000000000000000000000000000000080620110906201100000906201100000000000000000000000000000000000000000000000000000000000000000000       
1040001300025T 280000000838500000000                     0               00000000000000000000000000000000                         000000000000000000                                                  0000000000002080000000000                 
1040001300026U 280000000000000000000000000000000000000000000000000000000000000000000000000000000000000000000000000000000000000000000000000806201100000000000008062011000000000000000                              000                           
10400015         00002800000000000000000000000000000000000000000000000000000000000000000000000000000000000000000000                                                                                                                             
10499999         000001000030                                                                                                                                                                                                                   
