10400000         2023354550001930000000000000000000001521008385000000000CENTRO DE FORMACAO DE ENFERMAGC ECON FEDERAL                          20706201101410600050204000000                    RETORNO-PRODUCAO                  000            
10400011T0100030 20023354550001930000000000000000000001521008385000000000CENTRO DE FORMACAO DE ENFERMAG                                                                                00000502070620110000000000                          00   
1040001300001T 060000000838500000000   1400000000021532761               10062011000000000017820000016490                         090000000000000000                                                  000000000000161020101                     
1040001300002U 06000000000000000000000000000891000000000000000000000000000000000000000016929000000000016929000000000000000000000000000000070620110806201100000806201100000000000000000000000000000000000000000000000000000000000000000000       
1040001300003T 060000000838500000000   1400000000021573361               10062011000000000018500237021210                         090000000000000000                                                  000000000000326040101                     
1040001300004U 06000000000000000000000000001480000000000000000000000000000000000000000017020000000000017020000000000000000000000000000000070620110806201100000806201100000000000000000000000000000000000000000000000000000000000000000000       
1040001300005T 060000000838500000000   1400000000021709011               20062011000000000022140000039580                         090000000000000000                                                  000000000000161020101                     
1040001300006U 06000000000000000000000000001771000000000000000000000000000000000000000020369000000000020369000000000000000000000000000000070620110806201100000806201100000000000000000000000000000000000000000000000000000000000000000000       
1040001300007T 060000000838500000000   1400000000022977901               20062011000000000015000000017390                         090000000000000000                                                  000000000000161020101                     
1040001300008U 06000000000000000000000000001800000000000000000000000000000000000000000013200000000000013200000000000000000000000000000000070620110806201100000806201100000000000000000000000000000000000000000000000000000000000000000000       
1040001300009T 060000000838500000000   1400000000022986301               20062011000000000015000237021210                         090000000000000000                                                  000000000000326040101                     
1040001300010U 06000000000000000000000000001800000000000000000000000000000000000000000013200000000000013200000000000000000000000000000000070620110806201100000806201100000000000000000000000000000000000000000000000000000000000000000000       
1040001300011T 060000000838500000000   1400000000023491031               10062011000000000019900000013070                         090000000000000000                                                  000000000000161020101                     
1040001300012U 06000000000000000000000000002985000000000000000000000000000000000000000016915000000000016915000000000000000000000000000000070620110806201100000806201100000000000000000000000000000000000000000000000000000000000000000000       
1040001300013T 060000000838500000000   1400000000023569081               10062011000000000022140000017390                         090000000000000000                                                  000000000000161020101                     
1040001300014U 06000000000000000000000000001771000000000000000000000000000000000000000020369000000000020369000000000000000000000000000000070620110806201100000806201100000000000000000000000000000000000000000000000000000000000000000000       
1040001300015T 060000000838500000000   240000000000053647100000000000000020062011000000000020500000015760000000000000000          090000000000000000                                                  000000000000161020101                     
1040001300016U 06000000000000000000000000001640000000000000000000000000000000000000000018860000000000018860000000000000000000000000000000070620110806201100000806201100000000000000000000000000000000000000000000000000000000000000000000       
1040001300017T 060000000838500000000  9000000000000005695100000000000000010062011000000000020500000017390000000000000000          090000000000000000                                                  000000000000161020101                     
1040001300018U 06000000000000000000000000003485000000000000000000000000000000000000000017015000000000017015000000000000000000000000000000070620110806201100000806201100000000000000000000000000000000000000000000000000000000000000000000       
1040001300019T 280000000838500000000                     0               00000000000000000000000000000000                         000000000000000000                                                  0000000000001820000000000                 
1040001300020U 280000000000000000000000000000000000000000000000000000000000000000000000000000000000000000000000000000000000000000000000000706201100000000000007062011000000000000000                              000                           
10400015         00002200000000000000000000000000000000000000000000000000000000000000000000000000000000000000000000                                                                                                                             
10499999         000001000024                                                                                                                                                                                                                   
