10400000         2023354550001930000000000000000000001521008385000000000CENTRO DE FORMACAO DE ENFERMAGC ECON FEDERAL                          20906201101413300050404000000                    RETORNO-PRODUCAO                  000            
10400011T0100030 20023354550001930000000000000000000001521008385000000000CENTRO DE FORMACAO DE ENFERMAG                                                                                00000504090620110000000000                          00   
1040001300001T 060000000838500000000   1400000000023023441               10062011000000000018576000006710                         090000000000000000                                                  000000000000320030100                     
1040001300002U 06000000000000000000000000001486000000000000000000000000000000000000000017090000000000017090000000000000000000000000000000090620110906201100000906201100000000000000000000000000000000000000000000000000000000000000000000       
1040001300003T 060000000838500000000   1400000000023391321               31052011000000000018576000015210                         090000000000000000                                                  000000000000320030100                     
1040001300004U 06000000000000919000000000000000000000000000000000000000000000000000000019495000000000019495000000000000000000000000000000090620110906201100000906201100000000000000000000000000000000000000000000000000000000000000000000       
1040001300005T 060000000838500000000   1400000000022334231               10062011000000000018576341078610                         090000000000000000                                                  000000000000326040101                     
1040001300006U 06000000000000000000000000000929000000000000000000000000000000000000000017647000000000017647000000000000000000000000000000090620111006201100001006201100000000000000000000000000000000000000000000000000000000000000000000       
1040001300007T 060000000838500000000   1400000000023406101               10062011000000000019900000015760                         090000000000000000                                                  000000000000149060101                     
1040001300008U 06000000000000000000000000002985000000000000000000000000000000000000000016915000000000016915000000000000000000000000000000090620111006201100001006201100000000000000000000000000000000000000000000000000000000000000000000       
1040001300009T 060000000838500000000   1400000000024423401               10062011000000000015000000016490                         090000000000000000                                                  000000000000161020101                     
1040001300010U 06000000000000000000000000001200000000000000000000000000000000000000000013800000000000013800000000000000000000000000000000090620111006201100001006201100000000000000000000000000000000000000000000000000000000000000000000       
1040001300011T 060000000838500000000   240000000000043846100000000000000030062011000000000020500000017390000000000000000          090000000000000000                                                  000000000000161020101                     
1040001300012U 06000000000000000000000000001640000000000000000000000000000000000000000018860000000000018860000000000000000000000000000000090620111006201100001006201100000000000000000000000000000000000000000000000000000000000000000000       
1040001300013T 060000000838500000000   240000000000008820100000000000000010062011000000000018576000017390000000000000000          090000000000000000                                                  000000000000161020101                     
1040001300014U 06000000000000000000000000003344000000000000000000000000000000000000000015232000000000015232000000000000000000000000000000090620111006201100001006201100000000000000000000000000000000000000000000000000000000000000000000       
1040001300015T 060000000838500000000   1400000000021336581               10062011000000000017820000016490                         090000000000000000                                                  000000000000161020101                     
1040001300016U 06000000000000000000000000000891000000000000000000000000000000000000000016929000000000016929000000000000000000000000000000090620111006201100001006201100000000000000000000000000000000000000000000000000000000000000000000       
1040001300017T 060000000838500000000   240000000000036882100000000000000010062011000000000018576001027430000000000000000          090000000000000000                                                  000000000000326040101                     
1040001300018U 06000000000000000000000000001486000000000000000000000000000000000000000017090000000000017090000000000000000000000000000000090620111006201100001006201100000000000000000000000000000000000000000000000000000000000000000000       
1040001300019T 060000000838500000000   1400000000022297441               10062011000000000017820000015210                         090000000000000000                                                  000000000000161020101                     
1040001300020U 06000000000000000000000000000891000000000000000000000000000000000000000016929000000000016929000000000000000000000000000000090620111006201100001006201100000000000000000000000000000000000000000000000000000000000000000000       
1040001300021T 060000000838500000000   1400000000022162941               10062011000000000018500000017390                         090000000000000000                                                  000000000000161020101                     
1040001300022U 06000000000000000000000000001480000000000000000000000000000000000000000017020000000000017020000000000000000000000000000000090620111006201100001006201100000000000000000000000000000000000000000000000000000000000000000000       
1040001300023T 280000000838500000000                     0               00000000000000000000000000000000                         000000000000000000                                                  0000000000002080000000000                 
1040001300024U 280000000000000000000000000000000000000000000000000000000000000000000000000000000000000000000000000000000000000000000000000906201100000000000009062011000000000000000                              000                           
10400015         00002600000000000000000000000000000000000000000000000000000000000000000000000000000000000000000000                                                                                                                             
10499999         000001000028                                                                                                                                                                                                                   
