10400000         2023354550001930000000000000000000001521008385000000000CENTRO DE FORMACAO DE ENFERMAGC ECON FEDERAL                          21006201101523400050504000000                    RETORNO-PRODUCAO                  000            
10400011T0100030 20023354550001930000000000000000000001521008385000000000CENTRO DE FORMACAO DE ENFERMAG                                                                                00000505100620110000000000                          00   
1040001300001T 060000000838500000000   1400000000000204301               10062011000000000020500001036490                         090000000000000000                                                  000000000000326040101                     
1040001300002U 06000000000000000000000000004715000000000000000000000000000000000000000015785000000000015785000000000000000000000000000000100620111306201100001306201100000000000000000000000000000000000000000000000000000000000000000000       
1040001300003T 060000000838500000000   1400000000021341311               10062011000000000017820000039580                         090000000000000000                                                  000000000000161020101                     
1040001300004U 06000000000000000000000000000891000000000000000000000000000000000000000016929000000000016929000000000000000000000000000000100620111306201100001306201100000000000000000000000000000000000000000000000000000000000000000000       
1040001300005T 060000000838500000000   1400000000021644131               10062011000000000018500000031200                         090000000000000000                                                  000000000000161020101                     
1040001300006U 06000000000000000000000000002775000000000000000000000000000000000000000015725000000000015725000000000000000000000000000000100620111306201100001306201100000000000000000000000000000000000000000000000000000000000000000000       
1040001300007T 060000000838500000000   1400000000021688691               10062011000000000017820000016490                         090000000000000000                                                  000000000000161020101                     
1040001300008U 06000000000000000000000000002673000000000000000000000000000000000000000015147000000000015147000000000000000000000000000000100620111306201100001306201100000000000000000000000000000000000000000000000000000000000000000000       
1040001300009T 060000000838500000000   1400000000021963661               10062011000000000018500000016490                         090000000000000000                                                  000000000000161020101                     
1040001300010U 06000000000000000000000000002775000000000000000000000000000000000000000015725000000000015725000000000000000000000000000000100620111306201100001306201100000000000000000000000000000000000000000000000000000000000000000000       
1040001300011T 060000000838500000000   1400000000021965871               10062011000000000018500001029720                         090000000000000000                                                  000000000000326040101                     
1040001300012U 06000000000000000000000000001480000000000000000000000000000000000000000017020000000000017020000000000000000000000000000000100620111306201100001306201100000000000000000000000000000000000000000000000000000000000000000000       
1040001300013T 060000000838500000000   1400000000022321841               10062011000000000018576000006710                         090000000000000000                                                  000000000000161020101                     
1040001300014U 06000000000000000000000000000929000000000000000000000000000000000000000017647000000000017647000000000000000000000000000000100620111306201100001306201100000000000000000000000000000000000000000000000000000000000000000000       
1040001300015T 060000000838500000000   1400000000022628731               20052011000000000018576000015210                         090000000000000000                                                  000000000000161020101                     
1040001300016U 06000000000000000000000000000000000000000000000000000000000000000000000018576000000000018576000000000000000000000000000000100620111306201100001306201100000000000000000000000000000000000000000000000000000000000000000000       
1040001300017T 060000000838500000000   1400000000022722401               10062011000000000019224001014140                         090000000000000000                                                  000000000000326040101                     
1040001300018U 06000000000000000000000000000000000000000000000000000000000000000000000019224000000000019224000000000000000000000000000000100620111306201100001306201100000000000000000000000000000000000000000000000000000000000000000000       
1040001300019T 060000000838500000000   1400000000022840281               10062011000000000018500237013900                         090000000000000000                                                  000000000000326040101                     
1040001300020U 06000000000000000000000000001480000000000000000000000000000000000000000017020000000000017020000000000000000000000000000000100620111306201100001306201100000000000000000000000000000000000000000000000000000000000000000000       
1040001300021T 060000000838500000000   1400000000022917251               10062011000000000018576237010370                         090000000000000000                                                  000000000000326040101                     
1040001300022U 06000000000000000000000000003444000000000000000000000000000000000000000015132000000000015132000000000000000000000000000000100620111306201100001306201100000000000000000000000000000000000000000000000000000000000000000000       
1040001300023T 060000000838500000000   1400000000022933021               10062011000000000018576000013070                         090000000000000000                                                  000000000000161020101                     
1040001300024U 06000000000000000000000000002229000000000000000000000000000000000000000016347000000000016347000000000000000000000000000000100620111306201100001306201100000000000000000000000000000000000000000000000000000000000000000000       
1040001300025T 060000000838500000000   1400000000022990841               10062011000000000015000000017390                         090000000000000000                                                  000000000000149060101                     
1040001300026U 06000000000000000000000000001200000000000000000000000000000000000000000013800000000000013800000000000000000000000000000000100620111306201100001306201100000000000000000000000000000000000000000000000000000000000000000000       
1040001300027T 060000000838500000000   1400000000023472911               10062011000000000019900000032730                         090000000000000000                                                  000000000000161020101                     
1040001300028U 06000000000000000000000000002985000000000000000000000000000000000000000016915000000000016915000000000000000000000000000000100620111306201100001306201100000000000000000000000000000000000000000000000000000000000000000000       
1040001300029T 060000000838500000000   1400000000024424561               10062011000000000015000000006710                         090000000000000000                                                  000000000000161020101                     
1040001300030U 06000000000000000000000000001800000000000000000000000000000000000000000013200000000000013200000000000000000000000000000000100620111306201100001306201100000000000000000000000000000000000000000000000000000000000000000000       
1040001300031T 060000000838500000000   240000000000034545100000000000000010062011000000000015000001016380000000000000000          090000000000000000                                                  000000000000326040101                     
1040001300032U 06000000000000000000000000002250000000000000000000000000000000000000000012750000000000012750000000000000000000000000000000100620111306201100001306201100000000000000000000000000000000000000000000000000000000000000000000       
1040001300033T 060000000838500000000   240000000000034839100000000000000020062011000000000015000000015760000000000000000          090000000000000000                                                  000000000000161020101                     
1040001300034U 06000000000000000000000000001800000000000000000000000000000000000000000013200000000000013200000000000000000000000000000000100620111306201100001306201100000000000000000000000000000000000000000000000000000000000000000000       
1040001300035T 060000000838500000000   240000000000036734100000000000000010062011000000000018576001016390000000000000000          090000000000000000                                                  000000000000326040101                     
1040001300036U 06000000000000000000000000001486000000000000000000000000000000000000000017090000000000017090000000000000000000000000000000100620111306201100001306201100000000000000000000000000000000000000000000000000000000000000000000       
1040001300037T 060000000838500000000   240000000000061348100000000000000010062011000000000018576000000270000000000000000          090000000000000000                                                  000000000000161020101                     
1040001300038U 06000000000000000000000000001486000000000000000000000000000000000000000017090000000000017090000000000000000000000000000000100620111306201100001306201100000000000000000000000000000000000000000000000000000000000000000000       
1040001300039T 060000000838500000000  9000000000000013558100000000000000010062011000000000018576000032730000000000000000          090000000000000000                                                  000000000000161020101                     
1040001300040U 06000000000000000000000000002229000000000000000000000000000000000000000016347000000000016347000000000000000000000000000000100620111306201100001306201100000000000000000000000000000000000000000000000000000000000000000000       
1040001300041T 280000000838500000000                     0               00000000000000000000000000000000                         000000000000000000                                                  0000000000003900000000000                 
1040001300042U 280000000000000000000000000000000000000000000000000000000000000000000000000000000000000000000000000000000000000000000000001006201100000000000010062011000000000000000                              000                           
10400015         00004400000000000000000000000000000000000000000000000000000000000000000000000000000000000000000000                                                                                                                             
10499999         000001000046                                                                                                                                                                                                                   
