10400000         2023354550001930000000000000000000001521008385000000000CENTRO DE FORMACAO DE ENFERMAGC ECON FEDERAL                          21306201102172200050604000000                    RETORNO-PRODUCAO                  000            
10400011T0100030 20023354550001930000000000000000000001521008385000000000CENTRO DE FORMACAO DE ENFERMAG                                                                                00000506130620110000000000                          00   
1040001300001T 060000000838500000000   240000000000062263100000000000000010062011000000000018576000015210000000000000000          090000000000000000                                                  000000000000320030100                     
1040001300002U 06000000000000555000000000000000000000000000000000000000000000000000000019131000000000019131000000000000000000000000000000130620111306201100001306201100000000000000000000000000000000000000000000000000000000000000000000       
1040001300003T 060000000838500000000   1400000000000147591               10062011000000000018576000015210                         090000000000000000                                                  000000000000161020101                     
1040001300004U 06000000000000494000000000000000000000000000000000000000000000000000000019070000000000019070000000000000000000000000000000130620111406201100001406201100000000000000000000000000000000000000000000000000000000000000000000       
1040001300005T 060000000838500000000   1400000000022988351               10062011000000000015000000006710                         090000000000000000                                                  000000000000161020101                     
1040001300006U 06000000000000450000000000000000000000000000000000000000000000000000000015450000000000015450000000000000000000000000000000130620111406201100001406201100000000000000000000000000000000000000000000000000000000000000000000       
1040001300007T 060000000838500000000   1400000000023470971               20062011000000000019900000016490                         090000000000000000                                                  000000000000161020101                     
1040001300008U 06000000000000000000000000002985000000000000000000000000000000000000000016915000000000016915000000000000000000000000000000130620111406201100001406201100000000000000000000000000000000000000000000000000000000000000000000       
1040001300009T 060000000838500000000   1400000000024473931               20062011000000000015000000015760                         090000000000000000                                                  000000000000161020101                     
1040001300010U 06000000000000000000000000001200000000000000000000000000000000000000000013800000000000013800000000000000000000000000000000130620111406201100001406201100000000000000000000000000000000000000000000000000000000000000000000       
1040001300011T 060000000838500000000   240000000000008927100000000000000020062011000000000018576001016390000000000000000          090000000000000000                                                  000000000000326040101                     
1040001300012U 06000000000000000000000000005573000000000000000000000000000000000000000013003000000000013003000000000000000000000000000000130620111406201100001406201100000000000000000000000000000000000000000000000000000000000000000000       
1040001300013T 060000000838500000000   240000000000062042100000000000000020062011000000000018576000015770000000000000000          090000000000000000                                                  000000000000161020101                     
1040001300014U 06000000000000000000000000001486000000000000000000000000000000000000000017090000000000017090000000000000000000000000000000130620111406201100001406201100000000000000000000000000000000000000000000000000000000000000000000       
1040001300015T 280000000838500000000                     0               00000000000000000000000000000000                         000000000000000000                                                  0000000000001040000000000                 
1040001300016U 280000000000000000000000000000000000000000000000000000000000000000000000000000000000000000000000000000000000000000000000001306201100000000000013062011000000000000000                              000                           
10400015         00001800000000000000000000000000000000000000000000000000000000000000000000000000000000000000000000                                                                                                                             
10499999         000001000020                                                                                                                                                                                                                   
