10400000         2023354550001930000000000000000000001521008385000000000CENTRO DE FORMACAO DE ENFERMAGC ECON FEDERAL                          21406201101345300050704000000                    RETORNO-PRODUCAO                  000            
10400011T0100030 20023354550001930000000000000000000001521008385000000000CENTRO DE FORMACAO DE ENFERMAG                                                                                00000507140620110000000000                          00   
1040001300001T 060000000838500000000   1400000000022024121               20062011000000000020500000014130                         090000000000000000                                                  000000000000149060101                     
1040001300002U 06000000000000000000000000001640000000000000000000000000000000000000000018860000000000018860000000000000000000000000000000140620111506201100001506201100000000000000000000000000000000000000000000000000000000000000000000       
1040001300003T 060000000838500000000   1400000000024482501               10062011000000000015000000015210                         090000000000000000                                                  000000000000161020101                     
1040001300004U 06000000000000500000000000000000000000000000000000000000000000000000000015500000000000015500000000000000000000000000000000140620111506201100001506201100000000000000000000000000000000000000000000000000000000000000000000       
1040001300005T 060000000838500000000   1400000000000148561               10062011000000000018576000032730                         090000000000000000                                                  000000000000161020101                     
1040001300006U 06000000000000616000000000000000000000000000000000000000000000000000000019192000000000019192000000000000000000000000000000140620111506201100001506201100000000000000000000000000000000000000000000000000000000000000000000       
1040001300007T 060000000838500000000   1400000000022021101               20062011000000000020500000017390                         090000000000000000                                                  000000000000161020101                     
1040001300008U 06000000000000000000000000001640000000000000000000000000000000000000000018860000000000018860000000000000000000000000000000140620111506201100001506201100000000000000000000000000000000000000000000000000000000000000000000       
1040001300009T 060000000838500000000   240000000000037730100000000000000010062011000000000018576000015210000000000000000          090000000000000000                                                  000000000000161020101                     
1040001300010U 06000000000000616000000000000000000000000000000000000000000000000000000019192000000000019192000000000000000000000000000000140620111506201100001506201100000000000000000000000000000000000000000000000000000000000000000000       
1040001300011T 280000000838500000000                     0               00000000000000000000000000000000                         000000000000000000                                                  0000000000001040000000000                 
1040001300012U 280000000000000000000000000000000000000000000000000000000000000000000000000000000000000000000000000000000000000000000000001406201100000000000014062011000000000000000                              000                           
10400015         00001400000000000000000000000000000000000000000000000000000000000000000000000000000000000000000000                                                                                                                             
10499999         000001000016                                                                                                                                                                                                                   
