10400000         2023354550001930000000000000000000001521008385000000000CENTRO DE FORMACAO DE ENFERMAGC ECON FEDERAL                          21706201102590800051004000000                    RETORNO-PRODUCAO                  000            
10400011T0100030 20023354550001930000000000000000000001521008385000000000CENTRO DE FORMACAO DE ENFERMAG                                                                                00000510170620110000000000                          00   
1040001300001T 060000000838500000000  9000000000000005490100000000000000020062011000000000020500000015760000000000000000          090000000000000000                                                  000000000000161020101                     
1040001300002U 06000000000000000000000000003485000000000000000000000000000000000000000017015000000000017015000000000000000000000000000000170620112006201100002006201100000000000000000000000000000000000000000000000000000000000000000000       
1040001300003T 060000000838500000000  9000000000000005792100000000000000020062011000000000020500000000270000000000000000          090000000000000000                                                  000000000000161020101                     
1040001300004U 06000000000000000000000000003485000000000000000000000000000000000000000017015000000000017015000000000000000000000000000000170620112006201100002006201100000000000000000000000000000000000000000000000000000000000000000000       
1040001300005T 060000000838500000000   1400000000023467751               20062011000000000019900000015760                         090000000000000000                                                  000000000000161020101                     
1040001300006U 06000000000000000000000000002985000000000000000000000000000000000000000016915000000000016915000000000000000000000000000000170620112006201100002006201100000000000000000000000000000000000000000000000000000000000000000000       
1040001300007T 060000000838500000000  9000000000000011954100000000000000020062011000000000018576000039580000000000000000          090000000000000000                                                  000000000000161020101                     
1040001300008U 06000000000000000000000000003343000000000000000000000000000000000000000015233000000000015233000000000000000000000000000000170620112006201100002006201100000000000000000000000000000000000000000000000000000000000000000000       
1040001300009T 060000000838500000000   1400000000022340201               10062011000000000018576000017390                         090000000000000000                                                  000000000000161020101                     
1040001300010U 06000000000000798000000000000000000000000000000000000000000000000000000019374000000000019374000000000000000000000000000000170620112006201100002006201100000000000000000000000000000000000000000000000000000000000000000000       
1040001300011T 060000000838500000000   240000000000036459100000000000000020052011000000000020500000016490000000000000000          090000000000000000                                                  000000000000161020101                     
1040001300012U 06000000000002400000000000000000000000000000000000000000000000000000000022900000000000022900000000000000000000000000000000170620112006201100002006201100000000000000000000000000000000000000000000000000000000000000000000       
1040001300013T 060000000838500000000   1400000000022973671               30062011000000000015000000017390                         090000000000000000                                                  000000000000161020101                     
1040001300014U 06000000000000000000000000001800000000000000000000000000000000000000000013200000000000013200000000000000000000000000000000170620112006201100002006201100000000000000000000000000000000000000000000000000000000000000000000       
1040001300015T 060000000838500000000   1400000000022849581               20062011000000000018500237013900                         090000000000000000                                                  000000000000326040101                     
1040001300016U 06000000000000000000000000001480000000000000000000000000000000000000000017020000000000017020000000000000000000000000000000170620112006201100002006201100000000000000000000000000000000000000000000000000000000000000000000       
1040001300017T 060000000838500000000   1400000000022857171               20062011000000000018500341011400                         090000000000000000                                                  000000000000326040101                     
1040001300018U 06000000000000000000000000000000000000000000000000000000000000000000000018500000000000018500000000000000000000000000000000170620112006201100002006201100000000000000000000000000000000000000000000000000000000000000000000       
1040001300019T 060000000838500000000   240000000000046870100000000000000020062011000000000002500000032730000000000000000          090000000000000000                                                  000000000000161020101                     
1040001300020U 06000000000000000000000000000000000000000000000000000000000000000000000002500000000000002500000000000000000000000000000000170620112006201100002006201100000000000000000000000000000000000000000000000000000000000000000000       
1040001300021T 060000000838500000000   240000000000051032100000000000000020062011000000000002500000000270000000000000000          090000000000000000                                                  000000000000161020101                     
1040001300022U 06000000000000000000000000000000000000000000000000000000000000000000000002500000000000002500000000000000000000000000000000170620112006201100002006201100000000000000000000000000000000000000000000000000000000000000000000       
1040001300023T 060000000838500000000   240000000000051318100000000000000020062011000000000002500000039580000000000000000          090000000000000000                                                  000000000000161020101                     
1040001300024U 06000000000000000000000000000000000000000000000000000000000000000000000002500000000000002500000000000000000000000000000000170620112006201100002006201100000000000000000000000000000000000000000000000000000000000000000000       
1040001300025T 060000000838500000000   240000000000062484100000000000000020062011000000000018576237004080000000000000000          090000000000000000                                                  000000000000326040101                     
1040001300026U 06000000000000000000000000001486000000000000000000000000000000000000000017090000000000017090000000000000000000000000000000170620112006201100002006201100000000000000000000000000000000000000000000000000000000000000000000       
1040001300027T 060000000838500000000   240000000000063758100000000000000020062011000000000002500000015760000000000000000          090000000000000000                                                  000000000000161020101                     
1040001300028U 06000000000000000000000000000000000000000000000000000000000000000000000002500000000000002500000000000000000000000000000000170620112006201100002006201100000000000000000000000000000000000000000000000000000000000000000000       
1040001300029T 280000000838500000000                     0               00000000000000000000000000000000                         000000000000000000                                                  0000000000001300000000000                 
1040001300030U 280000000000000000000000000000000000000000000000000000000000000000000000000000000000000000000000000000000000000000000000001706201100000000000017062011000000000000000                              000                           
10400015         00003200000000000000000000000000000000000000000000000000000000000000000000000000000000000000000000                                                                                                                             
10499999         000001000034                                                                                                                                                                                                                   
