10400000         2023354550001930000000000000000000001521008385000000000CENTRO DE FORMACAO DE ENFERMAGC ECON FEDERAL                          22006201103573100051104000000                    RETORNO-PRODUCAO                  000            
10400011T0100030 20023354550001930000000000000000000001521008385000000000CENTRO DE FORMACAO DE ENFERMAG                                                                                00000511200620110000000000                          00   
1040001300001T 060000000838500000000   240000000000058550100000000000000020062011000000000020500000015770000000000000000          090000000000000000                                                  000000000000320030100                     
1040001300002U 06000000000000000000000000001640000000000000000000000000000000000000000018860000000000018860000000000000000000000000000000200620112006201100002006201100000000000000000000000000000000000000000000000000000000000000000000       
1040001300003T 060000000838500000000   240000000000058886100000000000000020062011000000000020500000017390000000000000000          090000000000000000                                                  000000000000161020101                     
1040001300004U 06000000000000000000000000001640000000000000000000000000000000000000000018860000000000018860000000000000000000000000000000200620112106201100002106201100000000000000000000000000000000000000000000000000000000000000000000       
1040001300005T 060000000838500000000  9000000000000004940100000000000000030062011000000000020500000016490000000000000000          090000000000000000                                                  000000000000161020101                     
1040001300006U 06000000000000000000000000003485000000000000000000000000000000000000000017015000000000017015000000000000000000000000000000200620112106201100002106201100000000000000000000000000000000000000000000000000000000000000000000       
1040001300007T 060000000838500000000  9000000000000007396100000000000000020062011000000000018576000000270000000000000000          090000000000000000                                                  000000000000161020101                     
1040001300008U 06000000000000000000000000003344000000000000000000000000000000000000000015232000000000015232000000000000000000000000000000200620112106201100002106201100000000000000000000000000000000000000000000000000000000000000000000       
1040001300009T 060000000838500000000  9000000000000012594100000000000000020062011000000000018576000006710000000000000000          090000000000000000                                                  000000000000161020101                     
1040001300010U 06000000000000000000000000002229000000000000000000000000000000000000000016347000000000016347000000000000000000000000000000200620112106201100002106201100000000000000000000000000000000000000000000000000000000000000000000       
1040001300011T 060000000838500000000  9000000000000013850100000000000000020062011000000000018576000016490000000000000000          090000000000000000                                                  000000000000161020101                     
1040001300012U 06000000000000000000000000001486000000000000000000000000000000000000000017090000000000017090000000000000000000000000000000200620112106201100002106201100000000000000000000000000000000000000000000000000000000000000000000       
1040001300013T 060000000838500000000  9000000000000013990100000000000000020062011000000000018576000015210000000000000000          090000000000000000                                                  000000000000161020101                     
1040001300014U 06000000000000000000000000003344000000000000000000000000000000000000000015232000000000015232000000000000000000000000000000200620112106201100002106201100000000000000000000000000000000000000000000000000000000000000000000       
1040001300015T 060000000838500000000   240000000000056328100000000000000020062011000000000002500000017390000000000000000          090000000000000000                                                  000000000000161020101                     
1040001300016U 06000000000000000000000000000000000000000000000000000000000000000000000002500000000000002500000000000000000000000000000000200620112106201100002106201100000000000000000000000000000000000000000000000000000000000000000000       
1040001300017T 060000000838500000000   240000000000058150100000000000000020062011000000000020500237011460000000000000000          090000000000000000                                                  000000000000326040101                     
1040001300018U 06000000000000000000000000001640000000000000000000000000000000000000000018860000000000018860000000000000000000000000000000200620112106201100002106201100000000000000000000000000000000000000000000000000000000000000000000       
1040001300019T 060000000838500000000   1400000000024484541               20062011000000000015000000015770                         090000000000000000                                                  000000000000161020101                     
1040001300020U 06000000000000000000000000001200000000000000000000000000000000000000000013800000000000013800000000000000000000000000000000200620112106201100002106201100000000000000000000000000000000000000000000000000000000000000000000       
1040001300021T 060000000838500000000   240000000000005863100000000000000020062011000000000020500001016380000000000000000          090000000000000000                                                  000000000000326040101                     
1040001300022U 06000000000000000000000000003485000000000000000000000000000000000000000017015000000000017015000000000000000000000000000000200620112106201100002106201100000000000000000000000000000000000000000000000000000000000000000000       
1040001300023T 060000000838500000000   240000000000009028100000000000000020062011000000000018576000032730000000000000000          090000000000000000                                                  000000000000149060101                     
1040001300024U 06000000000000000000000000003344000000000000000000000000000000000000000015232000000000015232000000000000000000000000000000200620112106201100002106201100000000000000000000000000000000000000000000000000000000000000000000       
1040001300025T 060000000838500000000   240000000000027433100000000000000020062011000000000018576000031200000000000000000          090000000000000000                                                  000000000000161020101                     
1040001300026U 06000000000000000000000000002229000000000000000000000000000000000000000016347000000000016347000000000000000000000000000000200620112106201100002106201100000000000000000000000000000000000000000000000000000000000000000000       
1040001300027T 060000000838500000000   240000000000032798100000000000000020062011000000000018576001016390000000000000000          090000000000000000                                                  000000000000326040101                     
1040001300028U 06000000000000000000000000003344000000000000000000000000000000000000000015232000000000015232000000000000000000000000000000200620112106201100002106201100000000000000000000000000000000000000000000000000000000000000000000       
1040001300029T 060000000838500000000   240000000000033611100000000000000020062011000000000018576000015760000000000000000          090000000000000000                                                  000000000000161020101                     
1040001300030U 06000000000000000000000000003344000000000000000000000000000000000000000015232000000000015232000000000000000000000000000000200620112106201100002106201100000000000000000000000000000000000000000000000000000000000000000000       
1040001300031T 060000000838500000000   240000000000033964100000000000000020062011000000000018576000013070000000000000000          090000000000000000                                                  000000000000161020101                     
1040001300032U 06000000000000000000000000003374000000000000000000000000000000000000000015202000000000015202000000000000000000000000000000200620112106201100002106201100000000000000000000000000000000000000000000000000000000000000000000       
1040001300033T 060000000838500000000   240000000000039083100000000000000020062011000000000018576000014050000000000000000          090000000000000000                                                  000000000000161020101                     
1040001300034U 06000000000000000000000000001486000000000000000000000000000000000000000017090000000000017090000000000000000000000000000000200620112106201100002106201100000000000000000000000000000000000000000000000000000000000000000000       
1040001300035T 060000000838500000000   240000000000042033100000000000000020062011000000000018576000016490000000000000000          090000000000000000                                                  000000000000161020101                     
1040001300036U 06000000000000000000000000001486000000000000000000000000000000000000000017090000000000017090000000000000000000000000000000200620112106201100002106201100000000000000000000000000000000000000000000000000000000000000000000       
1040001300037T 060000000838500000000   240000000000044729100000000000000020062011000000000020500033033130000000000000000          090000000000000000                                                  000000000000326040101                     
1040001300038U 06000000000000000000000000001640000000000000000000000000000000000000000018860000000000018860000000000000000000000000000000200620112106201100002106201100000000000000000000000000000000000000000000000000000000000000000000       
1040001300039T 060000000838500000000   240000000000045792100000000000000010062011000000000002500000015760000000000000000          090000000000000000                                                  000000000000161020101                     
1040001300040U 06000000000000000000000000000000000000000000000000000000000000000000000002500000000000002500000000000000000000000000000000200620112106201100002106201100000000000000000000000000000000000000000000000000000000000000000000       
1040001300041T 060000000838500000000   240000000000045954100000000000000020062011000000000002500000000270000000000000000          090000000000000000                                                  000000000000161020101                     
1040001300042U 06000000000000000000000000000000000000000000000000000000000000000000000002500000000000002500000000000000000000000000000000200620112106201100002106201100000000000000000000000000000000000000000000000000000000000000000000       
1040001300043T 060000000838500000000   240000000000046667100000000000000020062011000000000002500237021210000000000000000          090000000000000000                                                  000000000000326040101                     
1040001300044U 06000000000000000000000000000000000000000000000000000000000000000000000002500000000000002500000000000000000000000000000000200620112106201100002106201100000000000000000000000000000000000000000000000000000000000000000000       
1040001300045T 060000000838500000000   240000000000047000100000000000000020062011000000000002500000015760000000000000000          090000000000000000                                                  000000000000161020101                     
1040001300046U 06000000000000000000000000000000000000000000000000000000000000000000000002500000000000002500000000000000000000000000000000200620112106201100002106201100000000000000000000000000000000000000000000000000000000000000000000       
1040001300047T 060000000838500000000   240000000000049950100000000000000030062011000000000002500000016490000000000000000          090000000000000000                                                  000000000000161020101                     
1040001300048U 06000000000000000000000000000000000000000000000000000000000000000000000002500000000000002500000000000000000000000000000000200620112106201100002106201100000000000000000000000000000000000000000000000000000000000000000000       
1040001300049T 060000000838500000000   240000000000053310100000000000000020062011000000000020500000015210000000000000000          090000000000000000                                                  000000000000161020101                     
1040001300050U 06000000000000000000000000001640000000000000000000000000000000000000000018860000000000018860000000000000000000000000000000200620112106201100002106201100000000000000000000000000000000000000000000000000000000000000000000       
1040001300051T 060000000838500000000   1400000000000166381               20062011000000000020500000000270                         090000000000000000                                                  000000000000161020101                     
1040001300052U 06000000000000000000000000004715000000000000000000000000000000000000000015785000000000015785000000000000000000000000000000200620112106201100002106201100000000000000000000000000000000000000000000000000000000000000000000       
1040001300053T 060000000838500000000   1400000000000176851               20062011000000000020500237021210                         090000000000000000                                                  000000000000326040101                     
1040001300054U 06000000000000000000000000004715000000000000000000000000000000000000000015785000000000015785000000000000000000000000000000200620112106201100002106201100000000000000000000000000000000000000000000000000000000000000000000       
1040001300055T 060000000838500000000   1400000000000183201               20062011000000000020500000015760                         090000000000000000                                                  000000000000161020101                     
1040001300056U 06000000000000000000000000004715000000000000000000000000000000000000000015785000000000015785000000000000000000000000000000200620112106201100002106201100000000000000000000000000000000000000000000000000000000000000000000       
1040001300057T 060000000838500000000   1400000000000185921               20062011000000000020500000015770                         090000000000000000                                                  000000000000161020101                     
1040001300058U 06000000000000000000000000004715000000000000000000000000000000000000000015785000000000015785000000000000000000000000000000200620112106201100002106201100000000000000000000000000000000000000000000000000000000000000000000       
1040001300059T 060000000838500000000   1400000000000197501               20062011000000000020500341003650                         090000000000000000                                                  000000000000326040101                     
1040001300060U 06000000000000000000000000004715000000000000000000000000000000000000000015785000000000015785000000000000000000000000000000200620112106201100002106201100000000000000000000000000000000000000000000000000000000000000000000       
1040001300061T 060000000838500000000   1400000000000199391               20062011000000000020500001000200                         090000000000000000                                                  000000000000326040101                     
1040001300062U 06000000000000000000000000004715000000000000000000000000000000000000000015785000000000015785000000000000000000000000000000200620112106201100002106201100000000000000000000000000000000000000000000000000000000000000000000       
1040001300063T 060000000838500000000   1400000000000209291               20062011000000000020500000017390                         090000000000000000                                                  000000000000161020101                     
1040001300064U 06000000000000000000000000003485000000000000000000000000000000000000000017015000000000017015000000000000000000000000000000200620112106201100002106201100000000000000000000000000000000000000000000000000000000000000000000       
1040001300065T 060000000838500000000   1400000000000270101               20062011000000000020500000015210                         090000000000000000                                                  000000000000161020101                     
1040001300066U 06000000000000000000000000004715000000000000000000000000000000000000000015785000000000015785000000000000000000000000000000200620112106201100002106201100000000000000000000000000000000000000000000000000000000000000000000       
1040001300067T 060000000838500000000   1400000000021561511               20062011000000000021276000015210                         090000000000000000                                                  000000000000161020101                     
1040001300068U 06000000000000000000000000001064000000000000000000000000000000000000000020212000000000020212000000000000000000000000000000200620112106201100002106201100000000000000000000000000000000000000000000000000000000000000000000       
1040001300069T 060000000838500000000   1400000000021687611               20062011000000000017820000000270                         090000000000000000                                                  000000000000161020101                     
1040001300070U 06000000000000000000000000002673000000000000000000000000000000000000000015147000000000015147000000000000000000000000000000200620112106201100002106201100000000000000000000000000000000000000000000000000000000000000000000       
1040001300071T 060000000838500000000   1400000000021784571               20062011000000000018500001042880                         090000000000000000                                                  000000000000326040101                     
1040001300072U 06000000000000000000000000002775000000000000000000000000000000000000000015725000000000015725000000000000000000000000000000200620112106201100002106201100000000000000000000000000000000000000000000000000000000000000000000       
1040001300073T 060000000838500000000   1400000000021954161               20062011000000000018500000015770                         090000000000000000                                                  000000000000161020101                     
1040001300074U 06000000000000000000000000002775000000000000000000000000000000000000000015725000000000015725000000000000000000000000000000200620112106201100002106201100000000000000000000000000000000000000000000000000000000000000000000       
1040001300075T 060000000838500000000   1400000000021955131               20062011000000000018500001029530                         090000000000000000                                                  000000000000326040101                     
1040001300076U 06000000000000000000000000002775000000000000000000000000000000000000000015725000000000015725000000000000000000000000000000200620112106201100002106201100000000000000000000000000000000000000000000000000000000000000000000       
1040001300077T 060000000838500000000   1400000000022269401               20062011000000000019246001029720                         090000000000000000                                                  000000000000326040101                     
1040001300078U 06000000000000000000000000002887000000000000000000000000000000000000000016359000000000016359000000000000000000000000000000200620112106201100002106201100000000000000000000000000000000000000000000000000000000000000000000       
1040001300079T 060000000838500000000   1400000000022275801               20062011000000000019224000007680                         090000000000000000                                                  000000000000161020101                     
1040001300080U 06000000000000000000000000000961000000000000000000000000000000000000000018263000000000018263000000000000000000000000000000200620112106201100002106201100000000000000000000000000000000000000000000000000000000000000000000       
1040001300081T 060000000838500000000   1400000000022339201               20062011000000000018576000000270                         090000000000000000                                                  000000000000161020101                     
1040001300082U 06000000000000000000000000000929000000000000000000000000000000000000000017647000000000017647000000000000000000000000000000200620112106201100002106201100000000000000000000000000000000000000000000000000000000000000000000       
1040001300083T 060000000838500000000   1400000000022557881               20062011000000000018500000016490                         090000000000000000                                                  000000000000149060101                     
1040001300084U 06000000000000000000000000002775000000000000000000000000000000000000000015725000000000015725000000000000000000000000000000200620112106201100002106201100000000000000000000000000000000000000000000000000000000000000000000       
1040001300085T 060000000838500000000   1400000000022601371               20062011000000000018576000031200                         090000000000000000                                                  000000000000161020101                     
1040001300086U 06000000000000000000000000000929000000000000000000000000000000000000000017647000000000017647000000000000000000000000000000200620112106201100002106201100000000000000000000000000000000000000000000000000000000000000000000       
1040001300087T 060000000838500000000   1400000000022856281               20062011000000000020500000000270                         090000000000000000                                                  000000000000161020101                     
1040001300088U 06000000000000000000000000004715000000000000000000000000000000000000000015785000000000015785000000000000000000000000000000200620112106201100002106201100000000000000000000000000000000000000000000000000000000000000000000       
1040001300089T 060000000838500000000   1400000000022934001               20062011000000000016500341099260                         090000000000000000                                                  000000000000326040101                     
1040001300090U 06000000000000000000000000000000000000000000000000000000000000000000000016500000000000016500000000000000000000000000000000200620112106201100002106201100000000000000000000000000000000000000000000000000000000000000000000       
1040001300091T 060000000838500000000   1400000000022936631               20062011000000000017820001029540                         090000000000000000                                                  000000000000326040101                     
1040001300092U 06000000000000000000000000000000000000000000000000000000000000000000000017820000000000017820000000000000000000000000000000200620112106201100002106201100000000000000000000000000000000000000000000000000000000000000000000       
1040001300093T 060000000838500000000   1400000000023006781               20062011000000000018576000006710                         090000000000000000                                                  000000000000161020101                     
1040001300094U 06000000000000000000000000001486000000000000000000000000000000000000000017090000000000017090000000000000000000000000000000200620112106201100002106201100000000000000000000000000000000000000000000000000000000000000000000       
1040001300095T 060000000838500000000   1400000000023014101               20062011000000000018576001000220                         090000000000000000                                                  000000000000326040101                     
1040001300096U 06000000000000000000000000001486000000000000000000000000000000000000000017090000000000017090000000000000000000000000000000200620112106201100002106201100000000000000000000000000000000000000000000000000000000000000000000       
1040001300097T 060000000838500000000   1400000000023025221               20062011000000000018576001016130                         090000000000000000                                                  000000000000326040101                     
1040001300098U 06000000000000000000000000001486000000000000000000000000000000000000000017090000000000017090000000000000000000000000000000200620112106201100002106201100000000000000000000000000000000000000000000000000000000000000000000       
1040001300099T 060000000838500000000   1400000000023481071               20062011000000000019900000032730                         090000000000000000                                                  000000000000161020101                     
1040001300100U 06000000000000000000000000002985000000000000000000000000000000000000000016915000000000016915000000000000000000000000000000200620112106201100002106201100000000000000000000000000000000000000000000000000000000000000000000       
1040001300101T 060000000838500000000   1400000000023515741               20062011000000000019900000013070                         090000000000000000                                                  000000000000161020101                     
1040001300102U 06000000000000000000000000001592000000000000000000000000000000000000000018308000000000018308000000000000000000000000000000200620112106201100002106201100000000000000000000000000000000000000000000000000000000000000000000       
1040001300103T 060000000838500000000   1400000000023529021               20062011000000000019900237013190                         090000000000000000                                                  000000000000326040101                     
1040001300104U 06000000000000000000000000001592000000000000000000000000000000000000000018308000000000018308000000000000000000000000000000200620112106201100002106201100000000000000000000000000000000000000000000000000000000000000000000       
1040001300105T 060000000838500000000   1400000000023623121               20062011000000000022140001016130                         090000000000000000                                                  000000000000326040101                     
1040001300106U 06000000000000000000000000001771000000000000000000000000000000000000000020369000000000020369000000000000000000000000000000200620112106201100002106201100000000000000000000000000000000000000000000000000000000000000000000       
1040001300107T 060000000838500000000   1400000000024184401               20062011000000000019246237011800                         090000000000000000                                                  000000000000326040101                     
1040001300108U 06000000000000000000000000001540000000000000000000000000000000000000000017706000000000017706000000000000000000000000000000200620112106201100002106201100000000000000000000000000000000000000000000000000000000000000000000       
1040001300109T 060000000838500000000   1400000000024464781               20062011000000000022176237021210                         090000000000000000                                                  000000000000326040101                     
1040001300110U 06000000000000000000000000002661000000000000000000000000000000000000000019515000000000019515000000000000000000000000000000200620112106201100002106201100000000000000000000000000000000000000000000000000000000000000000000       
1040001300111T 060000000838500000000   1400000000024477921               20062011000000000015000237004080                         090000000000000000                                                  000000000000326040101                     
1040001300112U 06000000000000000000000000001200000000000000000000000000000000000000000013800000000000013800000000000000000000000000000000200620112106201100002106201100000000000000000000000000000000000000000000000000000000000000000000       
1040001300113T 280000000838500000000                     0               00000000000000000000000000000000                         000000000000000000                                                  0000000000008320000000000                 
1040001300114U 280000000000000000000000000000000000000000000000000000000000000000000000000000000000000000000000000000000000000000000000002006201100000000000020062011000000000000000                              000                           
10400015         00011600000000000000000000000000000000000000000000000000000000000000000000000000000000000000000000                                                                                                                             
10499999         000001000118                                                                                                                                                                                                                   
