10400000         2023354550001930000000000000000000001521008385000000000CENTRO DE FORMACAO DE ENFERMAGC ECON FEDERAL                          21606201101312800050904000000                    RETORNO-PRODUCAO                  000            
10400011T0100030 20023354550001930000000000000000000001521008385000000000CENTRO DE FORMACAO DE ENFERMAG                                                                                00000509160620110000000000                          00   
1040001300001T 060000000838500000000   240000000000056417100000000000000020062011000000000020500000006710000000000000000          090000000000000000                                                  000000000000320030100                     
1040001300002U 06000000000000000000000000001640000000000000000000000000000000000000000018860000000000018860000000000000000000000000000000160620111606201100001606201100000000000000000000000000000000000000000000000000000000000000000000       
1040001300003T 060000000838500000000   1400000000023552351               20062011000000000018576000017390                         090000000000000000                                                  000000000000161020101                     
1040001300004U 06000000000000000000000000001486000000000000000000000000000000000000000017090000000000017090000000000000000000000000000000160620111706201100001706201100000000000000000000000000000000000000000000000000000000000000000000       
1040001300005T 060000000838500000000   1400000000023488911               31052011000000000019900000015760                         090000000000000000                                                  000000000000161020101                     
1040001300006U 06000000000001454000000000000000000000000000000000000000000000000000000021354000000000021354000000000000000000000000000000160620111706201100001706201100000000000000000000000000000000000000000000000000000000000000000000       
1040001300007T 060000000838500000000   240000000000032941100000000000000020062011000000000018576000013070000000000000000          090000000000000000                                                  000000000000161020101                     
1040001300008U 06000000000000000000000000003344000000000000000000000000000000000000000015232000000000015232000000000000000000000000000000160620111706201100001706201100000000000000000000000000000000000000000000000000000000000000000000       
1040001300009T 060000000838500000000   1400000000022319861               20062011000000000018576000014130                         090000000000000000                                                  000000000000161020101                     
1040001300010U 06000000000000000000000000000929000000000000000000000000000000000000000017647000000000017647000000000000000000000000000000160620111706201100001706201100000000000000000000000000000000000000000000000000000000000000000000       
1040001300011T 060000000838500000000   240000000000064622100000000000000020062011000000000018576001016120000000000000000          090000000000000000                                                  000000000000326040101                     
1040001300012U 06000000000000000000000000003350000000000000000000000000000000000000000015226000000000015226000000000000000000000000000000160620111706201100001706201100000000000000000000000000000000000000000000000000000000000000000000       
1040001300013T 060000000838500000000   1400000000021346111               20062011000000000017820000015210                         090000000000000000                                                  000000000000161020101                     
1040001300014U 06000000000000000000000000000891000000000000000000000000000000000000000016929000000000016929000000000000000000000000000000160620111706201100001706201100000000000000000000000000000000000000000000000000000000000000000000       
1040001300015T 280000000838500000000                     0               00000000000000000000000000000000                         000000000000000000                                                  0000000000001040000000000                 
1040001300016U 280000000000000000000000000000000000000000000000000000000000000000000000000000000000000000000000000000000000000000000000001606201100000000000016062011000000000000000                              000                           
10400015         00001800000000000000000000000000000000000000000000000000000000000000000000000000000000000000000000                                                                                                                             
10499999         000001000020                                                                                                                                                                                                                   
