10400000         2023354550001930000000000000000000001521008385000000000CENTRO DE FORMACAO DE ENFERMAGC ECON FEDERAL                          22106201101294600051204000000                    RETORNO-PRODUCAO                  000            
10400011T0100030 20023354550001930000000000000000000001521008385000000000CENTRO DE FORMACAO DE ENFERMAG                                                                                00000512210620110000000000                          00   
1040001300001T 060000000838500000000   1400000000000177821               30062011000000000020500000015210                         090000000000000000                                                  000000000000161020101                     
1040001300002U 06000000000000000000000000004715000000000000000000000000000000000000000015785000000000015785000000000000000000000000000000210620112206201100002206201100000000000000000000000000000000000000000000000000000000000000000000       
1040001300003T 060000000838500000000   1400000000022311451               20062011000000000020062000015210                         090000000000000000                                                  000000000000161020101                     
1040001300004U 06000000000000000000000000000000000000000000000000000000000000000000000020062000000000020062000000000000000000000000000000210620112206201100002206201100000000000000000000000000000000000000000000000000000000000000000000       
1040001300005T 060000000838500000000   1400000000022991491               30062011000000000015000237026170                         090000000000000000                                                  000000000000326040101                     
1040001300006U 06000000000000000000000000001200000000000000000000000000000000000000000013800000000000013800000000000000000000000000000000210620112206201100002206201100000000000000000000000000000000000000000000000000000000000000000000       
1040001300007T 060000000838500000000   1400000000024473501               20062011000000000015000000016490                         090000000000000000                                                  000000000000161020101                     
1040001300008U 06000000000000000000000000000000000000000000000000000000000000000000000015000000000000015000000000000000000000000000000000210620112206201100002206201100000000000000000000000000000000000000000000000000000000000000000000       
1040001300009T 060000000838500000000   240000000000027646100000000000000020062011000000000018576000014130000000000000000          090000000000000000                                                  000000000000161020101                     
1040001300010U 06000000000000433000000000000000000000000000000000000000000000000000000019009000000000019009000000000000000000000000000000210620112206201100002206201100000000000000000000000000000000000000000000000000000000000000000000       
1040001300011T 280000000838500000000                     0               00000000000000000000000000000000                         000000000000000000                                                  0000000000001040000000000                 
1040001300012U 280000000000000000000000000000000000000000000000000000000000000000000000000000000000000000000000000000000000000000000000002106201100000000000021062011000000000000000                              000                           
10400015         00001400000000000000000000000000000000000000000000000000000000000000000000000000000000000000000000                                                                                                                             
10499999         000001000016                                                                                                                                                                                                                   
