10400000         2023354550001930000000000000000000001521008385000000000CENTRO DE FORMACAO DE ENFERMAGC ECON FEDERAL                          22206201101415700051304000000                    RETORNO-PRODUCAO                  000            
10400011T0100030 20023354550001930000000000000000000001521008385000000000CENTRO DE FORMACAO DE ENFERMAG                                                                                00000513220620110000000000                          00   
1040001300001T 060000000838500000000   1400000000022938411               30062011000000000017820000015210                         090000000000000000                                                  000000000000161020101                     
1040001300002U 06000000000000000000000000001426000000000000000000000000000000000000000016394000000000016394000000000000000000000000000000220620112406201100002406201100000000000000000000000000000000000000000000000000000000000000000000       
1040001300003T 060000000838500000000   1400000000022998151               20062011000000000015000000006710                         090000000000000000                                                  000000000000161020101                     
1040001300004U 06000000000000400000000000000000000000000000000000000000000000000000000015400000000000015400000000000000000000000000000000220620112406201100002406201100000000000000000000000000000000000000000000000000000000000000000000       
1040001300005T 060000000838500000000   1400000000023630841               30062011000000000022140000006710                         090000000000000000                                                  000000000000161020101                     
1040001300006U 06000000000000000000000000001771000000000000000000000000000000000000000020369000000000020369000000000000000000000000000000220620112406201100002406201100000000000000000000000000000000000000000000000000000000000000000000       
1040001300007T 060000000838500000000   240000000000052950100000000000000020062011000000000020500000031200000000000000000          090000000000000000                                                  000000000000161020101                     
1040001300008U 06000000000000546000000000000000000000000000000000000000000000000000000021046000000000021046000000000000000000000000000000220620112406201100002406201100000000000000000000000000000000000000000000000000000000000000000000       
1040001300009T 280000000838500000000                     0               00000000000000000000000000000000                         000000000000000000                                                  0000000000000780000000000                 
1040001300010U 280000000000000000000000000000000000000000000000000000000000000000000000000000000000000000000000000000000000000000000000002206201100000000000022062011000000000000000                              000                           
10400015         00001200000000000000000000000000000000000000000000000000000000000000000000000000000000000000000000                                                                                                                             
10499999         000001000014                                                                                                                                                                                                                   
