10400000         2023354550001930000000000000000000001521008385000000000CENTRO DE FORMACAO DE ENFERMAGC ECON FEDERAL                          22406201102092100051404000000                    RETORNO-PRODUCAO                  000            
10400011T0100030 20023354550001930000000000000000000001521008385000000000CENTRO DE FORMACAO DE ENFERMAG                                                                                00000514240620110000000000                          00   
1040001300001T 060000000838500000000   1400000000022959841               30062011000000000017820000000270                         090000000000000000                                                  000000000000161020101                     
1040001300002U 06000000000000000000000000002673000000000000000000000000000000000000000015147000000000015147000000000000000000000000000000240620112706201100002706201100000000000000000000000000000000000000000000000000000000000000000000       
1040001300003T 060000000838500000000   1400000000024464191               30062011000000000015000000014130                         090000000000000000                                                  000000000000161020101                     
1040001300004U 06000000000000000000000000001200000000000000000000000000000000000000000013800000000000013800000000000000000000000000000000240620112706201100002706201100000000000000000000000000000000000000000000000000000000000000000000       
1040001300005T 060000000838500000000   240000000000021516100000000000000030062011000000000020500000000270000000000000000          090000000000000000                                                  000000000000161020101                     
1040001300006U 06000000000000000000000000004715000000000000000000000000000000000000000015785000000000015785000000000000000000000000000000240620112706201100002706201100000000000000000000000000000000000000000000000000000000000000000000       
1040001300007T 060000000838500000000   240000000000045571100000000000000030062011000000000002500000000270000000000000000          090000000000000000                                                  000000000000161020101                     
1040001300008U 06000000000000000000000000000000000000000000000000000000000000000000000002500000000000002500000000000000000000000000000000240620112706201100002706201100000000000000000000000000000000000000000000000000000000000000000000       
1040001300009T 280000000838500000000                     0               00000000000000000000000000000000                         000000000000000000                                                  0000000000000520000000000                 
1040001300010U 280000000000000000000000000000000000000000000000000000000000000000000000000000000000000000000000000000000000000000000000002406201100000000000024062011000000000000000                              000                           
10400015         00001200000000000000000000000000000000000000000000000000000000000000000000000000000000000000000000                                                                                                                             
10499999         000001000014                                                                                                                                                                                                                   
