10400000         2023354550001930000000000000000000001521008385000000000CENTRO DE FORMACAO DE ENFERMAGC ECON FEDERAL                          22706201102083400051504000000                    RETORNO-PRODUCAO                  000            
10400011T0100030 20023354550001930000000000000000000001521008385000000000CENTRO DE FORMACAO DE ENFERMAG                                                                                00000515270620110000000000                          00   
1040001300001T 060000000838500000000   1400000000021982021               30062011000000000020500000014050                         090000000000000000                                                  000000000000320030100                     
1040001300002U 06000000000000000000000000001640000000000000000000000000000000000000000018860000000000018860000000000000000000000000000000270620112706201100002706201100000000000000000000000000000000000000000000000000000000000000000000       
1040001300003T 060000000838500000000   1400000000022925271               30062011000000000018576000017390                         090000000000000000                                                  000000000000161020101                     
1040001300004U 06000000000000000000000000002229000000000000000000000000000000000000000016347000000000016347000000000000000000000000000000270620112806201100002806201100000000000000000000000000000000000000000000000000000000000000000000       
1040001300005T 060000000838500000000   1400000000023489051               30062011000000000019900000015760                         090000000000000000                                                  000000000000161020101                     
1040001300006U 06000000000000000000000000002985000000000000000000000000000000000000000016915000000000016915000000000000000000000000000000270620112806201100002806201100000000000000000000000000000000000000000000000000000000000000000000       
1040001300007T 060000000838500000000   1400000000024115501               30062011000000000019246001000220                         090000000000000000                                                  000000000000326040101                     
1040001300008U 06000000000000000000000000001540000000000000000000000000000000000000000017706000000000017706000000000000000000000000000000270620112806201100002806201100000000000000000000000000000000000000000000000000000000000000000000       
1040001300009T 060000000838500000000   1400000000000158521               10072011000000000018576000015210                         090000000000000000                                                  000000000000161020101                     
1040001300010U 06000000000000000000000000003344000000000000000000000000000000000000000015232000000000015232000000000000000000000000000000270620112806201100002806201100000000000000000000000000000000000000000000000000000000000000000000       
1040001300011T 060000000838500000000   1400000000021555111               30062011000000000021276000015210                         090000000000000000                                                  000000000000161020101                     
1040001300012U 06000000000000000000000000001064000000000000000000000000000000000000000020212000000000020212000000000000000000000000000000270620112806201100002806201100000000000000000000000000000000000000000000000000000000000000000000       
1040001300013T 060000000838500000000   1400000000021577351               30062011000000000018500000015210                         090000000000000000                                                  000000000000161020101                     
1040001300014U 06000000000000000000000000002775000000000000000000000000000000000000000015725000000000015725000000000000000000000000000000270620112806201100002806201100000000000000000000000000000000000000000000000000000000000000000000       
1040001300015T 060000000838500000000   1400000000021979071               30062011000000000020500000017390                         090000000000000000                                                  000000000000161020101                     
1040001300016U 06000000000000000000000000001640000000000000000000000000000000000000000018860000000000018860000000000000000000000000000000270620112806201100002806201100000000000000000000000000000000000000000000000000000000000000000000       
1040001300017T 060000000838500000000   240000000000033468100000000000000030062011000000000018576237004080000000000000000          090000000000000000                                                  000000000000326040101                     
1040001300018U 06000000000000000000000000000000000000000000000000000000000000000000000018576000000000018576000000000000000000000000000000270620112806201100002806201100000000000000000000000000000000000000000000000000000000000000000000       
1040001300019T 060000000838500000000   240000000000035851100000000000000030052011000000000020500000000270000000000000000          090000000000000000                                                  000000000000161020101                     
1040001300020U 06000000000002314000000000000000000000000000000000000000000000000000000022814000000000022814000000000000000000000000000000270620112806201100002806201100000000000000000000000000000000000000000000000000000000000000000000       
1040001300021T 280000000838500000000                     0               00000000000000000000000000000000                         000000000000000000                                                  0000000000002080000000000                 
1040001300022U 280000000000000000000000000000000000000000000000000000000000000000000000000000000000000000000000000000000000000000000000002706201100000000000027062011000000000000000                              000                           
10400015         00002400000000000000000000000000000000000000000000000000000000000000000000000000000000000000000000                                                                                                                             
10499999         000001000026                                                                                                                                                                                                                   
