10400000         2023354550001930000000000000000000001521008385000000000CENTRO DE FORMACAO DE ENFERMAGC ECON FEDERAL                          22806201101280200051604000000                    RETORNO-PRODUCAO                  000            
10400011T0100030 20023354550001930000000000000000000001521008385000000000CENTRO DE FORMACAO DE ENFERMAG                                                                                00000516280620110000000000                          00   
1040001300001T 060000000838500000000   240000000000053973100000000000000030062011000000000020500000015210000000000000000          090000000000000000                                                  000000000000161020101                     
1040001300002U 06000000000000000000000000001640000000000000000000000000000000000000000018860000000000018860000000000000000000000000000000280620112906201100002906201100000000000000000000000000000000000000000000000000000000000000000000       
1040001300003T 060000000838500000000   240000000000052373100000000000000030062011000000000020500000014130000000000000000          090000000000000000                                                  000000000000161020101                     
1040001300004U 06000000000000000000000000006150000000000000000000000000000000000000000014350000000000014350000000000000000000000000000000280620112906201100002906201100000000000000000000000000000000000000000000000000000000000000000000       
1040001300005T 060000000838500000000   1400000000023574671               30062011000000000017820237013190                         090000000000000000                                                  000000000000326040101                     
1040001300006U 06000000000000000000000000000891000000000000000000000000000000000000000016929000000000016929000000000000000000000000000000280620112906201100002906201100000000000000000000000000000000000000000000000000000000000000000000       
1040001300007T 060000000838500000000   240000000000014439100000000000000030062011000000000018576000039580000000000000000          090000000000000000                                                  000000000000161020101                     
1040001300008U 06000000000000000000000000003344000000000000000000000000000000000000000015232000000000015232000000000000000000000000000000280620112906201100002906201100000000000000000000000000000000000000000000000000000000000000000000       
1040001300009T 060000000838500000000   240000000000039164100000000000000020072011000000000018576000017390000000000000000          090000000000000000                                                  000000000000161020101                     
1040001300010U 06000000000000000000000000001486000000000000000000000000000000000000000017090000000000017090000000000000000000000000000000280620112906201100002906201100000000000000000000000000000000000000000000000000000000000000000000       
1040001300011T 060000000838500000000   240000000000039172100000000000000020082011000000000018576000017390000000000000000          090000000000000000                                                  000000000000161020101                     
1040001300012U 06000000000000000000000000001486000000000000000000000000000000000000000017090000000000017090000000000000000000000000000000280620112906201100002906201100000000000000000000000000000000000000000000000000000000000000000000       
1040001300013T 060000000838500000000   240000000000044826100000000000000010072011000000000018576000031200000000000000000          090000000000000000                                                  000000000000161020101                     
1040001300014U 06000000000000000000000000003344000000000000000000000000000000000000000015232000000000015232000000000000000000000000000000280620112906201100002906201100000000000000000000000000000000000000000000000000000000000000000000       
1040001300015T 060000000838500000000   1400000000024137581               30062011000000000020062000015760                         090000000000000000                                                  000000000000161020101                     
1040001300016U 06000000000000000000000000001605000000000000000000000000000000000000000018457000000000018457000000000000000000000000000000280620112906201100002906201100000000000000000000000000000000000000000000000000000000000000000000       
1040001300017T 060000000838500000000   1400000000023505781               10062011000000000019900000015760                         090000000000000000                                                  000000000000161020101                     
1040001300018U 06000000000001586000000000000000000000000000000000000000000000000000000021486000000000021486000000000000000000000000000000280620112906201100002906201100000000000000000000000000000000000000000000000000000000000000000000       
1040001300019T 060000000838500000000   1400000000023507991               30062011000000000019900000000270                         090000000000000000                                                  000000000000161020101                     
1040001300020U 06000000000000000000000000001592000000000000000000000000000000000000000018308000000000018308000000000000000000000000000000280620112906201100002906201100000000000000000000000000000000000000000000000000000000000000000000       
1040001300021T 280000000838500000000                     0               00000000000000000000000000000000                         000000000000000000                                                  0000000000001040000000000                 
1040001300022U 280000000000000000000000000000000000000000000000000000000000000000000000000000000000000000000000000000000000000000000000002806201100000000000028062011000000000000000                              000                           
10400015         00002400000000000000000000000000000000000000000000000000000000000000000000000000000000000000000000                                                                                                                             
10499999         000001000026                                                                                                                                                                                                                   
