10400000         2023354550001930000000000000000000001521008385000000000CENTRO DE FORMACAO DE ENFERMAGC ECON FEDERAL                          20107201102273700051704000000                    RETORNO-PRODUCAO                  000            
10400011T0100030 20023354550001930000000000000000000001521008385000000000CENTRO DE FORMACAO DE ENFERMAG                                                                                00000517010720110000000000                          00   
1040001300001T 060000000838500000000   1400000000022287051               10072011000000000019246000039580                         090000000000000000                                                  000000000000161020101                     
1040001300002U 06000000000000000000000000002887000000000000000000000000000000000000000016359000000000016359000000000000000000000000000000010720110407201100000407201100000000000000000000000000000000000000000000000000000000000000000000       
1040001300003T 060000000838500000000   1400000000022996291               30062011000000000015000000015210                         090000000000000000                                                  000000000000161020101                     
1040001300004U 06000000000000350000000000000000000000000000000000000000000000000000000015350000000000015350000000000000000000000000000000010720110407201100000407201100000000000000000000000000000000000000000000000000000000000000000000       
1040001300005T 060000000838500000000   1400000000023587061               10072011000000000020062000000270                         090000000000000000                                                  000000000000161020101                     
1040001300006U 06000000000000000000000000001605000000000000000000000000000000000000000018457000000000018457000000000000000000000000000000010720110407201100000407201100000000000000000000000000000000000000000000000000000000000000000000       
1040001300007T 060000000838500000000   240000000000034553100000000000000010072011000000000015000001016380000000000000000          090000000000000000                                                  000000000000326040101                     
1040001300008U 06000000000000000000000000002250000000000000000000000000000000000000000012750000000000012750000000000000000000000000000000010720110407201100000407201100000000000000000000000000000000000000000000000000000000000000000000       
1040001300009T 060000000838500000000   240000000000054910100000000000000030062011000000000002500000000270000000000000000          090000000000000000                                                  000000000000161020101                     
1040001300010U 06000000000000058000000000000000000000000000000000000000000000000000000002558000000000002558000000000000000000000000000000010720110407201100000407201100000000000000000000000000000000000000000000000000000000000000000000       
1040001300011T 060000000838500000000   240000000000062050100000000000000020072011000000000018576000015770000000000000000          090000000000000000                                                  000000000000161020101                     
1040001300012U 06000000000000000000000000001486000000000000000000000000000000000000000017090000000000017090000000000000000000000000000000010720110407201100000407201100000000000000000000000000000000000000000000000000000000000000000000       
1040001300013T 060000000838500000000  9000000000000005105100000000000000010072011000000000020500000015210000000000000000          090000000000000000                                                  000000000000161020101                     
1040001300014U 06000000000000000000000000003485000000000000000000000000000000000000000017015000000000017015000000000000000000000000000000010720110407201100000407201100000000000000000000000000000000000000000000000000000000000000000000       
1040001300015T 280000000838500000000                     0               00000000000000000000000000000000                         000000000000000000                                                  0000000000000780000000000                 
1040001300016U 280000000000000000000000000000000000000000000000000000000000000000000000000000000000000000000000000000000000000000000000000107201100000000000001072011000000000000000                              000                           
10400015         00001800000000000000000000000000000000000000000000000000000000000000000000000000000000000000000000                                                                                                                             
10499999         000001000020                                                                                                                                                                                                                   
