10400000         2023354550001930000000000000000000001521008385000000000CENTRO DE FORMACAO DE ENFERMAGC ECON FEDERAL                          20407201102165800051904000000                    RETORNO-PRODUCAO                  000            
10400011T0100030 20023354550001930000000000000000000001521008385000000000CENTRO DE FORMACAO DE ENFERMAG                                                                                00000519040720110000000000                          00   
1040001300001T 060000000838500000000   1400000000023568191               10072011000000000017820000039580                         090000000000000000                                                  000000000000320030100                     
1040001300002U 06000000000000000000000000000891000000000000000000000000000000000000000016929000000000016929000000000000000000000000000000040720110407201100000407201100000000000000000000000000000000000000000000000000000000000000000000       
1040001300003T 060000000838500000000   1400000000000198311               10072011000000000020500000000270                         090000000000000000                                                  000000000000161020101                     
1040001300004U 06000000000000000000000000004715000000000000000000000000000000000000000015785000000000015785000000000000000000000000000000040720110507201100000507201100000000000000000000000000000000000000000000000000000000000000000000       
1040001300005T 060000000838500000000   1400000000024108131               10072011000000000019246001016130                         090000000000000000                                                  000000000000326040101                     
1040001300006U 06000000000000000000000000001540000000000000000000000000000000000000000017706000000000017706000000000000000000000000000000040720110507201100000507201100000000000000000000000000000000000000000000000000000000000000000000       
1040001300007T 060000000838500000000   240000000000062271100000000000000010072011000000000018576000006710000000000000000          090000000000000000                                                  000000000000161020101                     
1040001300008U 06000000000000000000000000001486000000000000000000000000000000000000000017090000000000017090000000000000000000000000000000040720110507201100000507201100000000000000000000000000000000000000000000000000000000000000000000       
1040001300009T 060000000838500000000   1400000000023603951               20072011000000000022140000015210                         090000000000000000                                                  000000000000161020101                     
1040001300010U 06000000000000000000000000001771000000000000000000000000000000000000000020369000000000020369000000000000000000000000000000040720110507201100000507201100000000000000000000000000000000000000000000000000000000000000000000       
1040001300011T 060000000838500000000   240000000000042823100000000000000010072011000000000018576000015210000000000000000          090000000000000000                                                  000000000000161020101                     
1040001300012U 06000000000000000000000000001486000000000000000000000000000000000000000017090000000000017090000000000000000000000000000000040720110507201100000507201100000000000000000000000000000000000000000000000000000000000000000000       
1040001300013T 060000000838500000000   1400000000023475001               10072011000000000019900000000270                         090000000000000000                                                  000000000000161020101                     
1040001300014U 06000000000000000000000000002985000000000000000000000000000000000000000016915000000000016915000000000000000000000000000000040720110507201100000507201100000000000000000000000000000000000000000000000000000000000000000000       
1040001300015T 060000000838500000000   1400000000022091401               10072011000000000018576001029720                         090000000000000000                                                  000000000000326040101                     
1040001300016U 06000000000000000000000000001486000000000000000000000000000000000000000017090000000000017090000000000000000000000000000000040720110507201100000507201100000000000000000000000000000000000000000000000000000000000000000000       
1040001300017T 060000000838500000000  9000000000000007477100000000000000020062011000000000017820000032730000000000000000          090000000000000000                                                  000000000000161020101                     
1040001300018U 06000000000001182000000000000000000000000000000000000000000000000000000019002000000000019002000000000000000000000000000000040720110507201100000507201100000000000000000000000000000000000000000000000000000000000000000000       
1040001300019T 060000000838500000000  9000000000000013868100000000000000020072011000000000018576000016490000000000000000          090000000000000000                                                  000000000000161020101                     
1040001300020U 06000000000000000000000000001486000000000000000000000000000000000000000017090000000000017090000000000000000000000000000000040720110507201100000507201100000000000000000000000000000000000000000000000000000000000000000000       
1040001300021T 060000000838500000000   1400000000023593701               31072011000000000020062000014050                         090000000000000000                                                  000000000000161020101                     
1040001300022U 06000000000000000000000000001605000000000000000000000000000000000000000018457000000000018457000000000000000000000000000000040720110507201100000507201100000000000000000000000000000000000000000000000000000000000000000000       
1040001300023T 060000000838500000000  9000000000000013906100000000000000020062011000000000018576000031200000000000000000          090000000000000000                                                  000000000000161020101                     
1040001300024U 06000000000001226000000000000000000000000000000000000000000000000000000019802000000000019802000000000000000000000000000000040720110507201100000507201100000000000000000000000000000000000000000000000000000000000000000000       
1040001300025T 060000000838500000000   240000000000027166100000000000000020062011000000000018576000015760000000000000000          090000000000000000                                                  000000000000161020101                     
1040001300026U 06000000000001226000000000000000000000000000000000000000000000000000000019802000000000019802000000000000000000000000000000040720110507201100000507201100000000000000000000000000000000000000000000000000000000000000000000       
1040001300027T 060000000838500000000   1400000000022240331               20072011000000000020062000015760                         090000000000000000                                                  000000000000161020101                     
1040001300028U 06000000000000000000000000001605000000000000000000000000000000000000000018457000000000018457000000000000000000000000000000040720110507201100000507201100000000000000000000000000000000000000000000000000000000000000000000       
1040001300029T 060000000838500000000   1400000000022297521               10072011000000000017820000015210                         090000000000000000                                                  000000000000161020101                     
1040001300030U 06000000000000000000000000000891000000000000000000000000000000000000000016929000000000016929000000000000000000000000000000040720110507201100000507201100000000000000000000000000000000000000000000000000000000000000000000       
1040001300031T 060000000838500000000   1400000000023514771               10072011000000000019900000015210                         090000000000000000                                                  000000000000161020101                     
1040001300032U 06000000000000000000000000001592000000000000000000000000000000000000000018308000000000018308000000000000000000000000000000040720110507201100000507201100000000000000000000000000000000000000000000000000000000000000000000       
1040001300033T 060000000838500000000   1400000000023525891               10072011000000000019900000015760                         090000000000000000                                                  000000000000161020101                     
1040001300034U 06000000000000000000000000001592000000000000000000000000000000000000000018308000000000018308000000000000000000000000000000040720110507201100000507201100000000000000000000000000000000000000000000000000000000000000000000       
1040001300035T 060000000838500000000   1400000000022295401               10072011000000000017820000015760                         090000000000000000                                                  000000000000161020101                     
1040001300036U 06000000000000000000000000000891000000000000000000000000000000000000000016929000000000016929000000000000000000000000000000040720110507201100000507201100000000000000000000000000000000000000000000000000000000000000000000       
1040001300037T 280000000838500000000                     0               00000000000000000000000000000000                         000000000000000000                                                  0000000000003120000000000                 
1040001300038U 280000000000000000000000000000000000000000000000000000000000000000000000000000000000000000000000000000000000000000000000000407201100000000000004072011000000000000000                              000                           
10400015         00004000000000000000000000000000000000000000000000000000000000000000000000000000000000000000000000                                                                                                                             
10499999         000001000042                                                                                                                                                                                                                   
