10400000         2023354550001930000000000000000000001521008385000000000CENTRO DE FORMACAO DE ENFERMAGC ECON FEDERAL                          20507201101410100052004000000                    RETORNO-PRODUCAO                  000            
10400011T0100030 20023354550001930000000000000000000001521008385000000000CENTRO DE FORMACAO DE ENFERMAG                                                                                00000520050720110000000000                          00   
1040001300001T 060000000838500000000   1400000000021719751               10072011000000000020500000000270                         090000000000000000                                                  000000000000161020101                     
1040001300002U 06000000000000000000000000001640000000000000000000000000000000000000000018860000000000018860000000000000000000000000000000050720110607201100000607201100000000000000000000000000000000000000000000000000000000000000000000       
1040001300003T 060000000838500000000   1400000000021990121               10072011000000000020500000015210                         090000000000000000                                                  000000000000161020101                     
1040001300004U 06000000000000000000000000003075000000000000000000000000000000000000000017425000000000017425000000000000000000000000000000050720110607201100000607201100000000000000000000000000000000000000000000000000000000000000000000       
1040001300005T 060000000838500000000   1400000000022943091               30062011000000000017820000000270                         090000000000000000                                                  000000000000161020101                     
1040001300006U 06000000000000651000000000000000000000000000000000000000000000000000000018471000000000018471000000000000000000000000000000050720110607201100000607201100000000000000000000000000000000000000000000000000000000000000000000       
1040001300007T 060000000838500000000   1400000000023569161               10072011000000000022140000017390                         090000000000000000                                                  000000000000161020101                     
1040001300008U 06000000000000000000000000001771000000000000000000000000000000000000000020369000000000020369000000000000000000000000000000050720110607201100000607201100000000000000000000000000000000000000000000000000000000000000000000       
1040001300009T 060000000838500000000   240000000000032216100000000000000010062011000000000020500000014130000000000000000          090000000000000000                                                  000000000000161020101                     
1040001300010U 06000000000002110000000000000000000000000000000000000000000000000000000022610000000000022610000000000000000000000000000000050720110607201100000607201100000000000000000000000000000000000000000000000000000000000000000000       
1040001300011T 060000000838500000000   240000000000059220100000000000000010072011000000000020500237013190000000000000000          090000000000000000                                                  000000000000326040101                     
1040001300012U 06000000000000000000000000003485000000000000000000000000000000000000000017015000000000017015000000000000000000000000000000050720110607201100000607201100000000000000000000000000000000000000000000000000000000000000000000       
1040001300013T 060000000838500000000   240000000000059823100000000000000020062011000000000018576000015210000000000000000          090000000000000000                                                  000000000000161020101                     
1040001300014U 06000000000001287000000000000000000000000000000000000000000000000000000019863000000000019863000000000000000000000000000000050720110607201100000607201100000000000000000000000000000000000000000000000000000000000000000000       
1040001300015T 280000000838500000000                     0               00000000000000000000000000000000                         000000000000000000                                                  0000000000001040000000000                 
1040001300016U 280000000000000000000000000000000000000000000000000000000000000000000000000000000000000000000000000000000000000000000000000507201100000000000005072011000000000000000                              000                           
10400015         00001800000000000000000000000000000000000000000000000000000000000000000000000000000000000000000000                                                                                                                             
10499999         000001000020                                                                                                                                                                                                                   
