10400000         2023354550001930000000000000000000001521008385000000000CENTRO DE FORMACAO DE ENFERMAGC ECON FEDERAL                          20607201101395900052104000000                    RETORNO-PRODUCAO                  000            
10400011T0100030 20023354550001930000000000000000000001521008385000000000CENTRO DE FORMACAO DE ENFERMAG                                                                                00000521060720110000000000                          00   
1040001300001T 060000000838500000000   1400000000022333261               20062011000000000018576000000270                         090000000000000000                                                  000000000000161020101                     
1040001300002U 06000000000000000000000000000000000000000000000000000000000000000000000018576000000000018576000000000000000000000000000000060720110707201100000707201100000000000000000000000000000000000000000000000000000000000000000000       
1040001300003T 060000000838500000000   240000000000032950100000000000000020072011000000000018576000013070000000000000000          090000000000000000                                                  000000000000161020101                     
1040001300004U 06000000000000000000000000003344000000000000000000000000000000000000000015232000000000015232000000000000000000000000000000060720110707201100000707201100000000000000000000000000000000000000000000000000000000000000000000       
1040001300005T 060000000838500000000   240000000000053280100000000000000010072011000000000020500000016490000000000000000          090000000000000000                                                  000000000000161020101                     
1040001300006U 06000000000000000000000000001640000000000000000000000000000000000000000018860000000000018860000000000000000000000000000000060720110707201100000707201100000000000000000000000000000000000000000000000000000000000000000000       
1040001300007T 060000000838500000000   1400000000023493161               10072011000000000023900001000200                         090000000000000000                                                  000000000000326040101                     
1040001300008U 06000000000000000000000000003585000000000000000000000000000000000000000020315000000000020315000000000000000000000000000000060720110707201100000707201100000000000000000000000000000000000000000000000000000000000000000000       
1040001300009T 060000000838500000000   240000000000038230100000000000000010072011000000000018576237010240000000000000000          090000000000000000                                                  000000000000326040101                     
1040001300010U 06000000000000000000000000001486000000000000000000000000000000000000000017090000000000017090000000000000000000000000000000060720110707201100000707201100000000000000000000000000000000000000000000000000000000000000000000       
1040001300011T 060000000838500000000   1400000000023491111               10072011000000000019900000000270                         090000000000000000                                                  000000000000161020101                     
1040001300012U 06000000000000000000000000002985000000000000000000000000000000000000000016915000000000016915000000000000000000000000000000060720110707201100000707201100000000000000000000000000000000000000000000000000000000000000000000       
1040001300013T 060000000838500000000   1400000000024111431               10072011000000000019246001029530                         090000000000000000                                                  000000000000326040101                     
1040001300014U 06000000000000000000000000001540000000000000000000000000000000000000000017706000000000017706000000000000000000000000000000060720110707201100000707201100000000000000000000000000000000000000000000000000000000000000000000       
1040001300015T 280000000838500000000                     0               00000000000000000000000000000000                         000000000000000000                                                  0000000000001040000000000                 
1040001300016U 280000000000000000000000000000000000000000000000000000000000000000000000000000000000000000000000000000000000000000000000000607201100000000000006072011000000000000000                              000                           
10400015         00001800000000000000000000000000000000000000000000000000000000000000000000000000000000000000000000                                                                                                                             
10499999         000001000020                                                                                                                                                                                                                   
