10400000         2023354550001930000000000000000000001521008385000000000CENTRO DE FORMACAO DE ENFERMAGC ECON FEDERAL                          20707201101400200052204000000                    RETORNO-PRODUCAO                  000            
10400011T0100030 20023354550001930000000000000000000001521008385000000000CENTRO DE FORMACAO DE ENFERMAG                                                                                00000522070720110000000000                          00   
1040001300001T 060000000838500000000   1400000000000203841               10072011000000000020500000015760                         090000000000000000                                                  000000000000161020101                     
1040001300002U 06000000000000000000000000004715000000000000000000000000000000000000000015785000000000015785000000000000000000000000000000070720110807201100000807201100000000000000000000000000000000000000000000000000000000000000000000       
1040001300003T 060000000838500000000   1400000000022088441               20072011000000000018576000013070                         090000000000000000                                                  000000000000161020101                     
1040001300004U 06000000000000000000000000001486000000000000000000000000000000000000000017090000000000017090000000000000000000000000000000070720110807201100000807201100000000000000000000000000000000000000000000000000000000000000000000       
1040001300005T 060000000838500000000   1400000000023470031               10072011000000000019900000016490                         090000000000000000                                                  000000000000161020101                     
1040001300006U 06000000000000000000000000002985000000000000000000000000000000000000000016915000000000016915000000000000000000000000000000070720110807201100000807201100000000000000000000000000000000000000000000000000000000000000000000       
1040001300007T 060000000838500000000   1400000000023625411               10072011000000000022140000015760                         090000000000000000                                                  000000000000161020101                     
1040001300008U 06000000000000000000000000001771000000000000000000000000000000000000000020369000000000020369000000000000000000000000000000070720110807201100000807201100000000000000000000000000000000000000000000000000000000000000000000       
1040001300009T 060000000838500000000   1400000000024161371               20062011000000000020062000000270                         090000000000000000                                                  000000000000161020101                     
1040001300010U 06000000000001523000000000000000000000000000000000000000000000000000000021585000000000021585000000000000000000000000000000070720110807201100000807201100000000000000000000000000000000000000000000000000000000000000000000       
1040001300011T 060000000838500000000   1400000000025087831               10072011000000000019900000015760                         090000000000000000                                                  000000000000161020101                     
1040001300012U 06000000000000000000000000001592000000000000000000000000000000000000000018308000000000018308000000000000000000000000000000070720110807201100000807201100000000000000000000000000000000000000000000000000000000000000000000       
1040001300013T 060000000838500000000   240000000000008935100000000000000020072011000000000018576001016390000000000000000          090000000000000000                                                  000000000000326040101                     
1040001300014U 06000000000000000000000000005573000000000000000000000000000000000000000013003000000000013003000000000000000000000000000000070720110807201100000807201100000000000000000000000000000000000000000000000000000000000000000000       
1040001300015T 060000000838500000000   240000000000034260100000000000000010072011000000000015000000015760000000000000000          090000000000000000                                                  000000000000149060101                     
1040001300016U 06000000000000000000000000001200000000000000000000000000000000000000000013800000000000013800000000000000000000000000000000070720110807201100000807201100000000000000000000000000000000000000000000000000000000000000000000       
1040001300017T 060000000838500000000   240000000000041347100000000000000010072011000000000018576341056090000000000000000          090000000000000000                                                  000000000000326040101                     
1040001300018U 06000000000000000000000000001486000000000000000000000000000000000000000017090000000000017090000000000000000000000000000000070720110807201100000807201100000000000000000000000000000000000000000000000000000000000000000000       
1040001300019T 060000000838500000000   240000000000061356100000000000000010072011000000000018576000000270000000000000000          090000000000000000                                                  000000000000161020101                     
1040001300020U 06000000000000000000000000001486000000000000000000000000000000000000000017090000000000017090000000000000000000000000000000070720110807201100000807201100000000000000000000000000000000000000000000000000000000000000000000       
1040001300021T 280000000838500000000                     0               00000000000000000000000000000000                         000000000000000000                                                  0000000000001560000000000                 
1040001300022U 280000000000000000000000000000000000000000000000000000000000000000000000000000000000000000000000000000000000000000000000000707201100000000000007072011000000000000000                              000                           
10400015         00002400000000000000000000000000000000000000000000000000000000000000000000000000000000000000000000                                                                                                                             
10499999         000001000026                                                                                                                                                                                                                   
