10400000         2023354550001930000000000000000000001521008385000000000CENTRO DE FORMACAO DE ENFERMAGC ECON FEDERAL                          20807201101474300052304000000                    RETORNO-PRODUCAO                  000            
10400011T0100030 20023354550001930000000000000000000001521008385000000000CENTRO DE FORMACAO DE ENFERMAG                                                                                00000523080720110000000000                          00   
1040001300001T 060000000838500000000   1400000000023585951               10072011000000000022140000015210                         090000000000000000                                                  000000000000161020101                     
1040001300002U 06000000000000000000000000001771000000000000000000000000000000000000000020369000000000020369000000000000000000000000000000080720111107201100001107201100000000000000000000000000000000000000000000000000000000000000000000       
1040001300003T 060000000838500000000   1400000000023619871               20062011000000000022140000015760                         090000000000000000                                                  000000000000161020101                     
1040001300004U 06000000000001756000000000000000000000000000000000000000000000000000000023896000000000023896000000000000000000000000000000080720111107201100001107201100000000000000000000000000000000000000000000000000000000000000000000       
1040001300005T 060000000838500000000   1400000000025025991               10072011000000000019900000039580                         090000000000000000                                                  000000000000161020101                     
1040001300006U 06000000000000000000000000002985000000000000000000000000000000000000000016915000000000016915000000000000000000000000000000080720111107201100001107201100000000000000000000000000000000000000000000000000000000000000000000       
1040001300007T 060000000838500000000   240000000000006070100000000000000020072011000000000020500000016490000000000000000          090000000000000000                                                  000000000000161020101                     
1040001300008U 06000000000000000000000000001640000000000000000000000000000000000000000018860000000000018860000000000000000000000000000000080720111107201100001107201100000000000000000000000000000000000000000000000000000000000000000000       
1040001300009T 060000000838500000000   1400000000000160341               10072011000000000020500000015760                         090000000000000000                                                  000000000000161020101                     
1040001300010U 06000000000000000000000000004715000000000000000000000000000000000000000015785000000000015785000000000000000000000000000000080720111107201100001107201100000000000000000000000000000000000000000000000000000000000000000000       
1040001300011T 060000000838500000000   240000000000034642100000000000000010072011000000000015000000015760000000000000000          090000000000000000                                                  000000000000161020101                     
1040001300012U 06000000000000000000000000001200000000000000000000000000000000000000000013800000000000013800000000000000000000000000000000080720111107201100001107201100000000000000000000000000000000000000000000000000000000000000000000       
1040001300013T 060000000838500000000   1400000000022001851               20072011000000000020500001044430                         090000000000000000                                                  000000000000326040101                     
1040001300014U 06000000000000000000000000001640000000000000000000000000000000000000000018860000000000018860000000000000000000000000000000080720111107201100001107201100000000000000000000000000000000000000000000000000000000000000000000       
1040001300015T 060000000838500000000   240000000000059874100000000000000010072011000000000018576000014130000000000000000          090000000000000000                                                  000000000000161020101                     
1040001300016U 06000000000000000000000000001486000000000000000000000000000000000000000017090000000000017090000000000000000000000000000000080720111107201100001107201100000000000000000000000000000000000000000000000000000000000000000000       
1040001300017T 060000000838500000000   1400000000000148641               10072011000000000018576033043240                         090000000000000000                                                  000000000000326040101                     
1040001300018U 06000000000000000000000000003344000000000000000000000000000000000000000015232000000000015232000000000000000000000000000000080720111107201100001107201100000000000000000000000000000000000000000000000000000000000000000000       
1040001300019T 060000000838500000000   1400000000000165491               10072011000000000020500001016130                         090000000000000000                                                  000000000000326040101                     
1040001300020U 06000000000000000000000000004715000000000000000000000000000000000000000015785000000000015785000000000000000000000000000000080720111107201100001107201100000000000000000000000000000000000000000000000000000000000000000000       
1040001300021T 060000000838500000000   1400000000023481151               20072011000000000019900000015760                         090000000000000000                                                  000000000000161020101                     
1040001300022U 06000000000000000000000000002985000000000000000000000000000000000000000016915000000000016915000000000000000000000000000000080720111107201100001107201100000000000000000000000000000000000000000000000000000000000000000000       
1040001300023T 060000000838500000000   1400000000022917331               10072011000000000018576237010370                         090000000000000000                                                  000000000000326040101                     
1040001300024U 06000000000000000000000000003344000000000000000000000000000000000000000015232000000000015232000000000000000000000000000000080720111107201100001107201100000000000000000000000000000000000000000000000000000000000000000000       
1040001300025T 060000000838500000000   240000000000059963100000000000000010072011000000000018576000015760000000000000000          090000000000000000                                                  000000000000161020101                     
1040001300026U 06000000000000000000000000001486000000000000000000000000000000000000000017090000000000017090000000000000000000000000000000080720111107201100001107201100000000000000000000000000000000000000000000000000000000000000000000       
1040001300027T 060000000838500000000   240000000000063030100000000000000010072011000000000018576000015760000000000000000          090000000000000000                                                  000000000000161020101                     
1040001300028U 06000000000000000000000000001486000000000000000000000000000000000000000017090000000000017090000000000000000000000000000000080720111107201100001107201100000000000000000000000000000000000000000000000000000000000000000000       
1040001300029T 060000000838500000000  9000000000000014198100000000000000010072011000000000018576000015210000000000000000          090000000000000000                                                  000000000000161020101                     
1040001300030U 06000000000000000000000000003344000000000000000000000000000000000000000015232000000000015232000000000000000000000000000000080720111107201100001107201100000000000000000000000000000000000000000000000000000000000000000000       
1040001300031T 280000000838500000000                     0               00000000000000000000000000000000                         000000000000000000                                                  0000000000002340000000000                 
1040001300032U 280000000000000000000000000000000000000000000000000000000000000000000000000000000000000000000000000000000000000000000000000807201100000000000008072011000000000000000                              000                           
10400015         00003400000000000000000000000000000000000000000000000000000000000000000000000000000000000000000000                                                                                                                             
10499999         000001000036                                                                                                                                                                                                                   
