10400000         2023354550001930000000000000000000001521008385000000000CENTRO DE FORMACAO DE ENFERMAGC ECON FEDERAL                          21107201102324800052404000000                    RETORNO-PRODUCAO                  000            
10400011T0100030 20023354550001930000000000000000000001521008385000000000CENTRO DE FORMACAO DE ENFERMAG                                                                                00000524110720110000000000                          00   
1040001300001T 060000000838500000000   1400000000023023521               10072011000000000018576000006710                         090000000000000000                                                  000000000000320030100                     
1040001300002U 06000000000000000000000000001486000000000000000000000000000000000000000017090000000000017090000000000000000000000000000000110720111107201100001107201100000000000000000000000000000000000000000000000000000000000000000000       
1040001300003T 060000000838500000000   1400000000023031621               20072011000000000018576000000270                         090000000000000000                                                  000000000000161020101                     
1040001300004U 06000000000000000000000000001486000000000000000000000000000000000000000017090000000000017090000000000000000000000000000000110720111207201100001207201100000000000000000000000000000000000000000000000000000000000000000000       
1040001300005T 060000000838500000000   1400000000023406291               10072011000000000019900000015760                         090000000000000000                                                  000000000000149060101                     
1040001300006U 06000000000000000000000000002985000000000000000000000000000000000000000016915000000000016915000000000000000000000000000000110720111207201100001207201100000000000000000000000000000000000000000000000000000000000000000000       
1040001300007T 060000000838500000000   1400000000023473051               10072011000000000019900000032730                         090000000000000000                                                  000000000000161020101                     
1040001300008U 06000000000000000000000000002985000000000000000000000000000000000000000016915000000000016915000000000000000000000000000000110720111207201100001207201100000000000000000000000000000000000000000000000000000000000000000000       
1040001300009T 060000000838500000000   1400000000022021291               20072011000000000020500000017390                         090000000000000000                                                  000000000000161020101                     
1040001300010U 06000000000000000000000000001640000000000000000000000000000000000000000018860000000000018860000000000000000000000000000000110720111207201100001207201100000000000000000000000000000000000000000000000000000000000000000000       
1040001300011T 060000000838500000000   1400000000022316841               10072011000000000018576001029530                         090000000000000000                                                  000000000000326040101                     
1040001300012U 06000000000000000000000000001858000000000000000000000000000000000000000016718000000000016718000000000000000000000000000000110720111207201100001207201100000000000000000000000000000000000000000000000000000000000000000000       
1040001300013T 060000000838500000000   1400000000022722591               10072011000000000019224001014140                         090000000000000000                                                  000000000000326040101                     
1040001300014U 06000000000000000000000000000000000000000000000000000000000000000000000019224000000000019224000000000000000000000000000000110720111207201100001207201100000000000000000000000000000000000000000000000000000000000000000000       
1040001300015T 060000000838500000000   1400000000022933101               10072011000000000018576000015210                         090000000000000000                                                  000000000000161020101                     
1040001300016U 06000000000000000000000000002229000000000000000000000000000000000000000016347000000000016347000000000000000000000000000000110720111207201100001207201100000000000000000000000000000000000000000000000000000000000000000000       
1040001300017T 060000000838500000000   1400000000023488161               10072011000000000019900000015210                         090000000000000000                                                  000000000000161020101                     
1040001300018U 06000000000000000000000000002985000000000000000000000000000000000000000016915000000000016915000000000000000000000000000000110720111207201100001207201100000000000000000000000000000000000000000000000000000000000000000000       
1040001300019T 060000000838500000000   240000000000008838100000000000000010072011000000000018576000017390000000000000000          090000000000000000                                                  000000000000161020101                     
1040001300020U 06000000000000000000000000003344000000000000000000000000000000000000000015232000000000015232000000000000000000000000000000110720111207201100001207201100000000000000000000000000000000000000000000000000000000000000000000       
1040001300021T 060000000838500000000   240000000000012380100000000000000010072011000000000018576000016490000000000000000          090000000000000000                                                  000000000000149060101                     
1040001300022U 06000000000000000000000000003344000000000000000000000000000000000000000015232000000000015232000000000000000000000000000000110720111207201100001207201100000000000000000000000000000000000000000000000000000000000000000000       
1040001300023T 060000000838500000000   240000000000030469100000000000000010072011000000000020500000015760000000000000000          090000000000000000                                                  000000000000161020101                     
1040001300024U 06000000000000000000000000004715000000000000000000000000000000000000000015785000000000015785000000000000000000000000000000110720111207201100001207201100000000000000000000000000000000000000000000000000000000000000000000       
1040001300025T 060000000838500000000   240000000000036742100000000000000010072011000000000018576001016390000000000000000          090000000000000000                                                  000000000000326040101                     
1040001300026U 06000000000000000000000000001486000000000000000000000000000000000000000017090000000000017090000000000000000000000000000000110720111207201100001207201100000000000000000000000000000000000000000000000000000000000000000000       
1040001300027T 060000000838500000000   240000000000036890100000000000000010072011000000000018576000017390000000000000000          090000000000000000                                                  000000000000161020101                     
1040001300028U 06000000000000000000000000001486000000000000000000000000000000000000000017090000000000017090000000000000000000000000000000110720111207201100001207201100000000000000000000000000000000000000000000000000000000000000000000       
1040001300029T 060000000838500000000   240000000000037048100000000000000010072011000000000018576000017390000000000000000          090000000000000000                                                  000000000000161020101                     
1040001300030U 06000000000000000000000000001486000000000000000000000000000000000000000017090000000000017090000000000000000000000000000000110720111207201100001207201100000000000000000000000000000000000000000000000000000000000000000000       
1040001300031T 060000000838500000000   240000000000037331100000000000000010082011000000000018576000017390000000000000000          090000000000000000                                                  000000000000161020101                     
1040001300032U 06000000000000000000000000001486000000000000000000000000000000000000000017090000000000017090000000000000000000000000000000110720111207201100001207201100000000000000000000000000000000000000000000000000000000000000000000       
1040001300033T 060000000838500000000   1400000000000147671               10072011000000000018576000000270                         090000000000000000                                                  000000000000161020101                     
1040001300034U 06000000000000000000000000002229000000000000000000000000000000000000000016347000000000016347000000000000000000000000000000110720111207201100001207201100000000000000000000000000000000000000000000000000000000000000000000       
1040001300035T 060000000838500000000   1400000000000204491               10072011000000000020500001036490                         090000000000000000                                                  000000000000326040101                     
1040001300036U 06000000000000000000000000004715000000000000000000000000000000000000000015785000000000015785000000000000000000000000000000110720111207201100001207201100000000000000000000000000000000000000000000000000000000000000000000       
1040001300037T 060000000838500000000   1400000000000224251               10072011000000000020500033007730                         090000000000000000                                                  000000000000326040101                     
1040001300038U 06000000000000000000000000003485000000000000000000000000000000000000000017015000000000017015000000000000000000000000000000110720111207201100001207201100000000000000000000000000000000000000000000000000000000000000000000       
1040001300039T 060000000838500000000   240000000000037749100000000000000010072011000000000018576000015210000000000000000          090000000000000000                                                  000000000000161020101                     
1040001300040U 06000000000000000000000000003344000000000000000000000000000000000000000015232000000000015232000000000000000000000000000000110720111207201100001207201100000000000000000000000000000000000000000000000000000000000000000000       
1040001300041T 060000000838500000000   240000000000040642100000000000000010072011000000000018576000015760000000000000000          090000000000000000                                                  000000000000161020101                     
1040001300042U 06000000000000000000000000001486000000000000000000000000000000000000000017090000000000017090000000000000000000000000000000110720111207201100001207201100000000000000000000000000000000000000000000000000000000000000000000       
1040001300043T 060000000838500000000   240000000000054090100000000000000010072011000000000020500000015210000000000000000          090000000000000000                                                  000000000000161020101                     
1040001300044U 06000000000000000000000000001640000000000000000000000000000000000000000018860000000000018860000000000000000000000000000000110720111207201100001207201100000000000000000000000000000000000000000000000000000000000000000000       
1040001300045T 060000000838500000000   240000000000055445100000000000000020072011000000000020500000039580000000000000000          090000000000000000                                                  000000000000161020101                     
1040001300046U 06000000000000000000000000004715000000000000000000000000000000000000000015785000000000015785000000000000000000000000000000110720111207201100001207201100000000000000000000000000000000000000000000000000000000000000000000       
1040001300047T 060000000838500000000   240000000000068768100000000000000010072011000000000020500000016490000000000000000          090000000000000000                                                  000000000000161020101                     
1040001300048U 06000000000000000000000000004715000000000000000000000000000000000000000015785000000000015785000000000000000000000000000000110720111207201100001207201100000000000000000000000000000000000000000000000000000000000000000000       
1040001300049T 060000000838500000000   240000000000069756100000000000000010072011000000000020500000014050000000000000000          090000000000000000                                                  000000000000161020101                     
1040001300050U 06000000000000000000000000004715000000000000000000000000000000000000000015785000000000015785000000000000000000000000000000110720111207201100001207201100000000000000000000000000000000000000000000000000000000000000000000       
1040001300051T 280000000838500000000                     0               00000000000000000000000000000000                         000000000000000000                                                  0000000000003120000000000                 
1040001300052U 280000000000000000000000000000000000000000000000000000000000000000000000000000000000000000000000000000000000000000000000001107201100000000000011072011000000000000000                              000                           
10400015         00005400000000000000000000000000000000000000000000000000000000000000000000000000000000000000000000                                                                                                                             
10499999         000001000056                                                                                                                                                                                                                   
