10400000         2023354550001930000000000000000000001521008385000000000CENTRO DE FORMACAO DE ENFERMAGC ECON FEDERAL                          21207201101374700052504000000                    RETORNO-PRODUCAO                  000            
10400011T0100030 20023354550001930000000000000000000001521008385000000000CENTRO DE FORMACAO DE ENFERMAG                                                                                00000525120720110000000000                          00   
1040001300001T 060000000838500000000   1400000000023480181               20072011000000000023900000017390                         090000000000000000                                                  000000000000161020101                     
1040001300002U 06000000000000000000000000003585000000000000000000000000000000000000000020315000000000020315000000000000000000000000000000120720111307201100001307201100000000000000000000000000000000000000000000000000000000000000000000       
1040001300003T 060000000838500000000   240000000000035738100000000000000030072011000000000020500000015760000000000000000          090000000000000000                                                  000000000000161020101                     
1040001300004U 06000000000000000000000000001640000000000000000000000000000000000000000018860000000000018860000000000000000000000000000000120720111307201100001307201100000000000000000000000000000000000000000000000000000000000000000000       
1040001300005T 060000000838500000000   240000000000062921100000000000000010072011000000000018576000015210000000000000000          090000000000000000                                                  000000000000161020101                     
1040001300006U 06000000000000494000000000000000000000000000000000000000000000000000000019070000000000019070000000000000000000000000000000120720111307201100001307201100000000000000000000000000000000000000000000000000000000000000000000       
1040001300007T 060000000838500000000   1400000000022938501               31072011000000000017820000006710                         090000000000000000                                                  000000000000161020101                     
1040001300008U 06000000000000000000000000001426000000000000000000000000000000000000000016394000000000016394000000000000000000000000000000120720111307201100001307201100000000000000000000000000000000000000000000000000000000000000000000       
1040001300009T 060000000838500000000   1400000000023605061               31072011000000000022140000015760                         090000000000000000                                                  000000000000161020101                     
1040001300010U 06000000000000000000000000001771000000000000000000000000000000000000000020369000000000020369000000000000000000000000000000120720111307201100001307201100000000000000000000000000000000000000000000000000000000000000000000       
1040001300011T 280000000838500000000                     0               00000000000000000000000000000000                         000000000000000000                                                  0000000000000780000000000                 
1040001300012U 280000000000000000000000000000000000000000000000000000000000000000000000000000000000000000000000000000000000000000000000001207201100000000000012072011000000000000000                              000                           
10400015         00001400000000000000000000000000000000000000000000000000000000000000000000000000000000000000000000                                                                                                                             
10499999         000001000016                                                                                                                                                                                                                   
