10400000         2023354550001930000000000000000000001521008385000000000CENTRO DE FORMACAO DE ENFERMAGC ECON FEDERAL                          21307201101401600052604000000                    RETORNO-PRODUCAO                  000            
10400011T0100030 20023354550001930000000000000000000001521008385000000000CENTRO DE FORMACAO DE ENFERMAG                                                                                00000526130720110000000000                          00   
1040001300001T 060000000838500000000   240000000000053655100000000000000020072011000000000020500000015760000000000000000          090000000000000000                                                  000000000000161020101                     
1040001300002U 06000000000000000000000000001640000000000000000000000000000000000000000018860000000000018860000000000000000000000000000000130720111407201100001407201100000000000000000000000000000000000000000000000000000000000000000000       
1040001300003T 060000000838500000000   1400000000021602481               30062011000000000018500000020630                         090000000000000000                                                  000000000000161020101                     
1040001300004U 06000000000001163000000000000000000000000000000000000000000000000000000019663000000000019663000000000000000000000000000000130720111407201100001407201100000000000000000000000000000000000000000000000000000000000000000000       
1040001300005T 060000000838500000000   1400000000022024201               20072011000000000020500000014130                         090000000000000000                                                  000000000000149060101                     
1040001300006U 06000000000000000000000000001640000000000000000000000000000000000000000018860000000000018860000000000000000000000000000000130720111407201100001407201100000000000000000000000000000000000000000000000000000000000000000000       
1040001300007T 060000000838500000000   1400000000023014291               20072011000000000018576001000220                         090000000000000000                                                  000000000000326040101                     
1040001300008U 06000000000000000000000000001486000000000000000000000000000000000000000017090000000000017090000000000000000000000000000000130720111407201100001407201100000000000000000000000000000000000000000000000000000000000000000000       
1040001300009T 060000000838500000000   1400000000025029201               20072011000000000019900000015210                         090000000000000000                                                  000000000000161020101                     
1040001300010U 06000000000000000000000000002985000000000000000000000000000000000000000016915000000000016915000000000000000000000000000000130720111407201100001407201100000000000000000000000000000000000000000000000000000000000000000000       
1040001300011T 060000000838500000000   240000000000031902100000000000000020072011000000000020500001044430000000000000000          090000000000000000                                                  000000000000326040101                     
1040001300012U 06000000000000000000000000004715000000000000000000000000000000000000000015785000000000015785000000000000000000000000000000130720111407201100001407201100000000000000000000000000000000000000000000000000000000000000000000       
1040001300013T 280000000838500000000                     0               00000000000000000000000000000000                         000000000000000000                                                  0000000000001040000000000                 
1040001300014U 280000000000000000000000000000000000000000000000000000000000000000000000000000000000000000000000000000000000000000000000001307201100000000000013072011000000000000000                              000                           
10400015         00001600000000000000000000000000000000000000000000000000000000000000000000000000000000000000000000                                                                                                                             
10499999         000001000018                                                                                                                                                                                                                   
