10400000         2023354550001930000000000000000000001521008385000000000CENTRO DE FORMACAO DE ENFERMAGC ECON FEDERAL                          21407201101342500052704000000                    RETORNO-PRODUCAO                  000            
10400011T0100030 20023354550001930000000000000000000001521008385000000000CENTRO DE FORMACAO DE ENFERMAG                                                                                00000527140720110000000000                          00   
1040001300001T 060000000838500000000   240000000000064630100000000000000020072011000000000018576001016120000000000000000          090000000000000000                                                  000000000000326040101                     
1040001300002U 06000000000000000000000000003345000000000000000000000000000000000000000015231000000000015231000000000000000000000000000000140720111507201100001507201100000000000000000000000000000000000000000000000000000000000000000000       
1040001300003T 060000000838500000000   1400000000022628811               20062011000000000018576000015210                         090000000000000000                                                  000000000000161020101                     
1040001300004U 06000000000001835000000000000000000000000000000000000000000000000000000020411000000000020411000000000000000000000000000000140720111507201100001507201100000000000000000000000000000000000000000000000000000000000000000000       
1040001300005T 060000000838500000000   1400000000023623201               20072011000000000022140001016130                         090000000000000000                                                  000000000000326040101                     
1040001300006U 06000000000000000000000000001771000000000000000000000000000000000000000020369000000000020369000000000000000000000000000000140720111507201100001507201100000000000000000000000000000000000000000000000000000000000000000000       
1040001300007T 060000000838500000000   1400000000000245501               20072011000000000018576237010270                         090000000000000000                                                  000000000000326040101                     
1040001300008U 06000000000000000000000000002229000000000000000000000000000000000000000016347000000000016347000000000000000000000000000000140720111507201100001507201100000000000000000000000000000000000000000000000000000000000000000000       
1040001300009T 060000000838500000000   240000000000066978100000000000000020072011000000000018576000015760000000000000000          090000000000000000                                                  000000000000161020101                     
1040001300010U 06000000000000000000000000003344000000000000000000000000000000000000000015232000000000015232000000000000000000000000000000140720111507201100001507201100000000000000000000000000000000000000000000000000000000000000000000       
1040001300011T 060000000838500000000   240000000000033972100000000000000020072011000000000018576000013070000000000000000          090000000000000000                                                  000000000000161020101                     
1040001300012U 06000000000000000000000000003344000000000000000000000000000000000000000015232000000000015232000000000000000000000000000000140720111507201100001507201100000000000000000000000000000000000000000000000000000000000000000000       
1040001300013T 060000000838500000000   1400000000022846801               20062011000000000018500000015760                         090000000000000000                                                  000000000000161020101                     
1040001300014U 06000000000001834000000000000000000000000000000000000000000000000000000020334000000000020334000000000000000000000000000000140720111507201100001507201100000000000000000000000000000000000000000000000000000000000000000000       
1040001300015T 060000000838500000000   1400000000022846991               20072011000000000018500000015760                         090000000000000000                                                  000000000000161020101                     
1040001300016U 06000000000000000000000000001480000000000000000000000000000000000000000017020000000000017020000000000000000000000000000000140720111507201100001507201100000000000000000000000000000000000000000000000000000000000000000000       
1040001300017T 060000000838500000000   240000000000066315100000000000000020072011000000000018576000000270000000000000000          090000000000000000                                                  000000000000161020101                     
1040001300018U 06000000000000000000000000003344000000000000000000000000000000000000000015232000000000015232000000000000000000000000000000140720111507201100001507201100000000000000000000000000000000000000000000000000000000000000000000       
1040001300019T 060000000838500000000   240000000000044427100000000000000030072011000000000018576000039580000000000000000          090000000000000000                                                  000000000000161020101                     
1040001300020U 06000000000000000000000000001486000000000000000000000000000000000000000017090000000000017090000000000000000000000000000000140720111507201100001507201100000000000000000000000000000000000000000000000000000000000000000000       
1040001300021T 060000000838500000000   1400000000023471001               20072011000000000019900000016490                         090000000000000000                                                  000000000000161020101                     
1040001300022U 06000000000000000000000000002985000000000000000000000000000000000000000016915000000000016915000000000000000000000000000000140720111507201100001507201100000000000000000000000000000000000000000000000000000000000000000000       
1040001300023T 280000000838500000000                     0               00000000000000000000000000000000                         000000000000000000                                                  0000000000001560000000000                 
1040001300024U 280000000000000000000000000000000000000000000000000000000000000000000000000000000000000000000000000000000000000000000000001407201100000000000014072011000000000000000                              000                           
10400015         00002600000000000000000000000000000000000000000000000000000000000000000000000000000000000000000000                                                                                                                             
10499999         000001000028                                                                                                                                                                                                                   
