10400000         2023354550001930000000000000000000001521008385000000000CENTRO DE FORMACAO DE ENFERMAGC ECON FEDERAL                          21807201102125000052904000000                    RETORNO-PRODUCAO                  000            
10400011T0100030 20023354550001930000000000000000000001521008385000000000CENTRO DE FORMACAO DE ENFERMAG                                                                                00000529180720110000000000                          00   
1040001300001T 060000000838500000000   240000000000030396100000000000000020072011000000000020500000016490000000000000000          090000000000000000                                                  000000000000320030100                     
1040001300002U 06000000000000000000000000004715000000000000000000000000000000000000000015785000000000015785000000000000000000000000000000180720111807201100001807201100000000000000000000000000000000000000000000000000000000000000000000       
1040001300003T 060000000838500000000   1400000000000202871               20072011000000000020500000017390                         090000000000000000                                                  000000000000320030100                     
1040001300004U 06000000000000000000000000004715000000000000000000000000000000000000000015785000000000015785000000000000000000000000000000180720111807201100001807201100000000000000000000000000000000000000000000000000000000000000000000       
1040001300005T 060000000838500000000  9000000000000004656100000000000000030072011000000000020500000015210000000000000000          090000000000000000                                                  000000000000161020101                     
1040001300006U 06000000000000000000000000003485000000000000000000000000000000000000000017015000000000017015000000000000000000000000000000180720111907201100001907201100000000000000000000000000000000000000000000000000000000000000000000       
1040001300007T 060000000838500000000   240000000000048520100000000000000030082011000000000002500000015210000000000000000          090000000000000000                                                  000000000000161020101                     
1040001300008U 06000000000000000000000000000000000000000000000000000000000000000000000002500000000000002500000000000000000000000000000000180720111907201100001907201100000000000000000000000000000000000000000000000000000000000000000000       
1040001300009T 060000000838500000000   1400000000023510271               10072011000000000019900000014130                         090000000000000000                                                  000000000000161020101                     
1040001300010U 06000000000000000000000000000000000000000000000000000000000000000000000019900000000000019900000000000000000000000000000000180720111907201100001907201100000000000000000000000000000000000000000000000000000000000000000000       
1040001300011T 060000000838500000000   1400000000023552431               20072011000000000018576000013070                         090000000000000000                                                  000000000000161020101                     
1040001300012U 06000000000000000000000000001486000000000000000000000000000000000000000017090000000000017090000000000000000000000000000000180720111907201100001907201100000000000000000000000000000000000000000000000000000000000000000000       
1040001300013T 060000000838500000000   240000000000069640100000000000000020072011000000000020500000015210000000000000000          090000000000000000                                                  000000000000161020101                     
1040001300014U 06000000000000000000000000004715000000000000000000000000000000000000000015785000000000015785000000000000000000000000000000180720111907201100001907201100000000000000000000000000000000000000000000000000000000000000000000       
1040001300015T 060000000838500000000   1400000000000270281               20072011000000000020500000015210                         090000000000000000                                                  000000000000161020101                     
1040001300016U 06000000000000000000000000004715000000000000000000000000000000000000000015785000000000015785000000000000000000000000000000180720111907201100001907201100000000000000000000000000000000000000000000000000000000000000000000       
1040001300017T 060000000838500000000   1400000000023490141               20072011000000000019900000015770                         090000000000000000                                                  000000000000161020101                     
1040001300018U 06000000000000000000000000002985000000000000000000000000000000000000000016915000000000016915000000000000000000000000000000180720111907201100001907201100000000000000000000000000000000000000000000000000000000000000000000       
1040001300019T 060000000838500000000  9000000000000005504100000000000000020072011000000000020500000015760000000000000000          090000000000000000                                                  000000000000161020101                     
1040001300020U 06000000000000000000000000003485000000000000000000000000000000000000000017015000000000017015000000000000000000000000000000180720111907201100001907201100000000000000000000000000000000000000000000000000000000000000000000       
1040001300021T 060000000838500000000   240000000000042190100000000000000030072011000000000018576000015210000000000000000          090000000000000000                                                  000000000000161020101                     
1040001300022U 06000000000000000000000000001486000000000000000000000000000000000000000017090000000000017090000000000000000000000000000000180720111907201100001907201100000000000000000000000000000000000000000000000000000000000000000000       
1040001300023T 060000000838500000000  9000000000000005806100000000000000020072011000000000020500000000270000000000000000          090000000000000000                                                  000000000000161020101                     
1040001300024U 06000000000000000000000000003485000000000000000000000000000000000000000017015000000000017015000000000000000000000000000000180720111907201100001907201100000000000000000000000000000000000000000000000000000000000000000000       
1040001300025T 060000000838500000000   1400000000000213051               20072011000000000020500237011800                         090000000000000000                                                  000000000000326040101                     
1040001300026U 06000000000000000000000000004715000000000000000000000000000000000000000015785000000000015785000000000000000000000000000000180720111907201100001907201100000000000000000000000000000000000000000000000000000000000000000000       
1040001300027T 060000000838500000000   1400000000025030301               20072011000000000019900000006710                         090000000000000000                                                  000000000000161020101                     
1040001300028U 06000000000000000000000000002985000000000000000000000000000000000000000016915000000000016915000000000000000000000000000000180720111907201100001907201100000000000000000000000000000000000000000000000000000000000000000000       
1040001300029T 060000000838500000000   240000000000027441100000000000000020072011000000000018576000031200000000000000000          090000000000000000                                                  000000000000161020101                     
1040001300030U 06000000000000000000000000002229000000000000000000000000000000000000000016347000000000016347000000000000000000000000000000180720111907201100001907201100000000000000000000000000000000000000000000000000000000000000000000       
1040001300031T 060000000838500000000   1400000000025030481               20082011000000000019900000006710                         090000000000000000                                                  000000000000161020101                     
1040001300032U 06000000000000000000000000002985000000000000000000000000000000000000000016915000000000016915000000000000000000000000000000180720111907201100001907201100000000000000000000000000000000000000000000000000000000000000000000       
1040001300033T 060000000838500000000   240000000000053329100000000000000020072011000000000020500000015210000000000000000          090000000000000000                                                  000000000000161020101                     
1040001300034U 06000000000000000000000000001640000000000000000000000000000000000000000018860000000000018860000000000000000000000000000000180720111907201100001907201100000000000000000000000000000000000000000000000000000000000000000000       
1040001300035T 060000000838500000000   240000000000054643100000000000000020072011000000000020500000015210000000000000000          090000000000000000                                                  000000000000161020101                     
1040001300036U 06000000000000000000000000001640000000000000000000000000000000000000000018860000000000018860000000000000000000000000000000180720111907201100001907201100000000000000000000000000000000000000000000000000000000000000000000       
1040001300037T 060000000838500000000   240000000000034596100000000000000030072011000000000015000000006710000000000000000          090000000000000000                                                  000000000000161020101                     
1040001300038U 06000000000000000000000000001200000000000000000000000000000000000000000013800000000000013800000000000000000000000000000000180720111907201100001907201100000000000000000000000000000000000000000000000000000000000000000000       
1040001300039T 060000000838500000000   1400000000023018871               20072011000000000018576000015210                         090000000000000000                                                  000000000000161020101                     
1040001300040U 06000000000000000000000000003344000000000000000000000000000000000000000015232000000000015232000000000000000000000000000000180720111907201100001907201100000000000000000000000000000000000000000000000000000000000000000000       
1040001300041T 060000000838500000000   240000000000046780100000000000000020062011000000000002500000015210000000000000000          090000000000000000                                                  000000000000161020101                     
1040001300042U 06000000000000274000000000000000000000000000000000000000000000000000000002774000000000002774000000000000000000000000000000180720111907201100001907201100000000000000000000000000000000000000000000000000000000000000000000       
1040001300043T 060000000838500000000   1400000000023327821               20072011000000000021276000015210                         090000000000000000                                                  000000000000161020101                     
1040001300044U 06000000000000000000000000001064000000000000000000000000000000000000000020212000000000020212000000000000000000000000000000180720111907201100001907201100000000000000000000000000000000000000000000000000000000000000000000       
1040001300045T 060000000838500000000   1400000000025011181               20072011000000000019246000000270                         090000000000000000                                                  000000000000161020101                     
1040001300046U 06000000000000000000000000002887000000000000000000000000000000000000000016359000000000016359000000000000000000000000000000180720111907201100001907201100000000000000000000000000000000000000000000000000000000000000000000       
1040001300047T 060000000838500000000   240000000000031775100000000000000030072011000000000020500000015210000000000000000          090000000000000000                                                  000000000000161020101                     
1040001300048U 06000000000000000000000000004715000000000000000000000000000000000000000015785000000000015785000000000000000000000000000000180720111907201100001907201100000000000000000000000000000000000000000000000000000000000000000000       
1040001300049T 060000000838500000000   1400000000000148131               20072011000000000018576000014130                         090000000000000000                                                  000000000000161020101                     
1040001300050U 06000000000000000000000000003344000000000000000000000000000000000000000015232000000000015232000000000000000000000000000000180720111907201100001907201100000000000000000000000000000000000000000000000000000000000000000000       
1040001300051T 060000000838500000000   240000000000051040100000000000000020082011000000000002500000000270000000000000000          090000000000000000                                                  000000000000161020101                     
1040001300052U 06000000000000000000000000000000000000000000000000000000000000000000000002500000000000002500000000000000000000000000000000180720111907201100001907201100000000000000000000000000000000000000000000000000000000000000000000       
1040001300053T 060000000838500000000   1400000000024478061               20072011000000000015000237004080                         090000000000000000                                                  000000000000326040101                     
1040001300054U 06000000000000000000000000001200000000000000000000000000000000000000000013800000000000013800000000000000000000000000000000180720111907201100001907201100000000000000000000000000000000000000000000000000000000000000000000       
1040001300055T 280000000838500000000                     0               00000000000000000000000000000000                         000000000000000000                                                  0000000000003380000000000                 
1040001300056U 280000000000000000000000000000000000000000000000000000000000000000000000000000000000000000000000000000000000000000000000001807201100000000000018072011000000000000000                              000                           
10400015         00005800000000000000000000000000000000000000000000000000000000000000000000000000000000000000000000                                                                                                                             
10499999         000001000060                                                                                                                                                                                                                   
