10400000         2023354550001930000000000000000000001521008385000000000CENTRO DE FORMACAO DE ENFERMAGC ECON FEDERAL                          21507201101405900052804000000                    RETORNO-PRODUCAO                  000            
10400011T0100030 20023354550001930000000000000000000001521008385000000000CENTRO DE FORMACAO DE ENFERMAG                                                                                00000528150720110000000000                          00   
1040001300001T 060000000838500000000   1400000000022949531               20072011000000000017820000013070                         090000000000000000                                                  000000000000161020101                     
1040001300002U 06000000000000000000000000001426000000000000000000000000000000000000000016394000000000016394000000000000000000000000000000150720111807201100001807201100000000000000000000000000000000000000000000000000000000000000000000       
1040001300003T 060000000838500000000   1400000000022322901               20072011000000000018576000015210                         090000000000000000                                                  000000000000161020101                     
1040001300004U 06000000000000000000000000000929000000000000000000000000000000000000000017647000000000017647000000000000000000000000000000150720111807201100001807201100000000000000000000000000000000000000000000000000000000000000000000       
1040001300005T 060000000838500000000   240000000000054864100000000000000030092011000000000002500000000270000000000000000          090000000000000000                                                  000000000000161020101                     
1040001300006U 06000000000000000000000000000000000000000000000000000000000000000000000002500000000000002500000000000000000000000000000000150720111807201100001807201100000000000000000000000000000000000000000000000000000000000000000000       
1040001300007T 060000000838500000000   240000000000068989100000000000000010072011000000000020500000017390000000000000000          090000000000000000                                                  000000000000161020101                     
1040001300008U 06000000000000750000000000000000000000000000000000000000000000000000000021250000000000021250000000000000000000000000000000150720111807201100001807201100000000000000000000000000000000000000000000000000000000000000000000       
1040001300009T 060000000838500000000  9000000000000011962100000000000000020072011000000000018576000000270000000000000000          090000000000000000                                                  000000000000161020101                     
1040001300010U 06000000000000000000000000003344000000000000000000000000000000000000000015232000000000015232000000000000000000000000000000150720111807201100001807201100000000000000000000000000000000000000000000000000000000000000000000       
1040001300011T 280000000838500000000                     0               00000000000000000000000000000000                         000000000000000000                                                  0000000000000520000000000                 
1040001300012U 280000000000000000000000000000000000000000000000000000000000000000000000000000000000000000000000000000000000000000000000001507201100000000000015072011000000000000000                              000                           
10400015         00001400000000000000000000000000000000000000000000000000000000000000000000000000000000000000000000                                                                                                                             
10499999         000001000016                                                                                                                                                                                                                   
