10400000         2023354550001930000000000000000000001521008385000000000CENTRO DE FORMACAO DE ENFERMAGC ECON FEDERAL                          21907201101301100053004000000                    RETORNO-PRODUCAO                  000            
10400011T0100030 20023354550001930000000000000000000001521008385000000000CENTRO DE FORMACAO DE ENFERMAG                                                                                00000530190720110000000000                          00   
1040001300001T 060000000838500000000   1400000000000199471               20072011000000000020500000000270                         090000000000000000                                                  000000000000320030100                     
1040001300002U 06000000000000000000000000004715000000000000000000000000000000000000000015785000000000015785000000000000000000000000000000190720111907201100001907201100000000000000000000000000000000000000000000000000000000000000000000       
1040001300003T 060000000838500000000   1400000000000236771               30072011000000000020500000015210                         090000000000000000                                                  000000000000161020101                     
1040001300004U 06000000000000000000000000003485000000000000000000000000000000000000000017015000000000017015000000000000000000000000000000190720112007201100002007201100000000000000000000000000000000000000000000000000000000000000000000       
1040001300005T 060000000838500000000   1400000000021989111               20072011000000000020500000015770                         090000000000000000                                                  000000000000161020101                     
1040001300006U 06000000000000000000000000001640000000000000000000000000000000000000000018860000000000018860000000000000000000000000000000190720112007201100002007201100000000000000000000000000000000000000000000000000000000000000000000       
1040001300007T 060000000838500000000   1400000000022340391               10072011000000000018576000017390                         090000000000000000                                                  000000000000161020101                     
1040001300008U 06000000000000920000000000000000000000000000000000000000000000000000000019496000000000019496000000000000000000000000000000190720112007201100002007201100000000000000000000000000000000000000000000000000000000000000000000       
1040001300009T 060000000838500000000   1400000000022935821               20072011000000000018576000015760                         090000000000000000                                                  000000000000161020101                     
1040001300010U 06000000000000000000000000002226000000000000000000000000000000000000000016350000000000016350000000000000000000000000000000190720112007201100002007201100000000000000000000000000000000000000000000000000000000000000000000       
1040001300011T 060000000838500000000   1400000000022936711               20072011000000000017820001029540                         090000000000000000                                                  000000000000326040101                     
1040001300012U 06000000000000000000000000000000000000000000000000000000000000000000000017820000000000017820000000000000000000000000000000190720112007201100002007201100000000000000000000000000000000000000000000000000000000000000000000       
1040001300013T 060000000838500000000   1400000000022959091               20072011000000000018576000000270                         090000000000000000                                                  000000000000161020101                     
1040001300014U 06000000000000000000000000001486000000000000000000000000000000000000000017090000000000017090000000000000000000000000000000190720112007201100002007201100000000000000000000000000000000000000000000000000000000000000000000       
1040001300015T 060000000838500000000   1400000000023515821               20072011000000000019900000015210                         090000000000000000                                                  000000000000161020101                     
1040001300016U 06000000000000000000000000001592000000000000000000000000000000000000000018308000000000018308000000000000000000000000000000190720112007201100002007201100000000000000000000000000000000000000000000000000000000000000000000       
1040001300017T 060000000838500000000   1400000000025016651               10072011000000000019246000014050                         090000000000000000                                                  000000000000161020101                     
1040001300018U 06000000000000960000000000000000000000000000000000000000000000000000000020206000000000020206000000000000000000000000000000190720112007201100002007201100000000000000000000000000000000000000000000000000000000000000000000       
1040001300019T 060000000838500000000   240000000000005871100000000000000020072011000000000020500001056750000000000000000          090000000000000000                                                  000000000000326040101                     
1040001300020U 06000000000000000000000000003485000000000000000000000000000000000000000017015000000000017015000000000000000000000000000000190720112007201100002007201100000000000000000000000000000000000000000000000000000000000000000000       
1040001300021T 060000000838500000000   240000000000033760100000000000000020072011000000000018576000013070000000000000000          090000000000000000                                                  000000000000161020101                     
1040001300022U 06000000000000000000000000003344000000000000000000000000000000000000000015232000000000015232000000000000000000000000000000190720112007201100002007201100000000000000000000000000000000000000000000000000000000000000000000       
1040001300023T 060000000838500000000   240000000000035029100000000000000020072011000000000015000000017390000000000000000          090000000000000000                                                  000000000000161020101                     
1040001300024U 06000000000000000000000000001200000000000000000000000000000000000000000013800000000000013800000000000000000000000000000000190720112007201100002007201100000000000000000000000000000000000000000000000000000000000000000000       
1040001300025T 060000000838500000000   240000000000038826100000000000000020072011000000000020500000015210000000000000000          090000000000000000                                                  000000000000161020101                     
1040001300026U 06000000000000000000000000001640000000000000000000000000000000000000000018860000000000018860000000000000000000000000000000190720112007201100002007201100000000000000000000000000000000000000000000000000000000000000000000       
1040001300027T 060000000838500000000   240000000000042122100000000000000020072011000000000018576000014050000000000000000          090000000000000000                                                  000000000000161020101                     
1040001300028U 06000000000000000000000000001486000000000000000000000000000000000000000017090000000000017090000000000000000000000000000000190720112007201100002007201100000000000000000000000000000000000000000000000000000000000000000000       
1040001300029T 060000000838500000000   240000000000049070100000000000000020072011000000000002500001056750000000000000000          090000000000000000                                                  000000000000326040101                     
1040001300030U 06000000000000000000000000000000000000000000000000000000000000000000000002500000000000002500000000000000000000000000000000190720112007201100002007201100000000000000000000000000000000000000000000000000000000000000000000       
1040001300031T 060000000838500000000   240000000000055828100000000000000020092011000000000002500000015210000000000000000          090000000000000000                                                  000000000000161020101                     
1040001300032U 06000000000000000000000000000000000000000000000000000000000000000000000002500000000000002500000000000000000000000000000000190720112007201100002007201100000000000000000000000000000000000000000000000000000000000000000000       
1040001300033T 060000000838500000000   240000000000060449100000000000000030072011000000000018576000015760000000000000000          090000000000000000                                                  000000000000161020101                     
1040001300034U 06000000000000000000000000001486000000000000000000000000000000000000000017090000000000017090000000000000000000000000000000190720112007201100002007201100000000000000000000000000000000000000000000000000000000000000000000       
1040001300035T 060000000838500000000   240000000000062492100000000000000020072011000000000018576237004080000000000000000          090000000000000000                                                  000000000000326040101                     
1040001300036U 06000000000000000000000000001486000000000000000000000000000000000000000017090000000000017090000000000000000000000000000000190720112007201100002007201100000000000000000000000000000000000000000000000000000000000000000000       
1040001300037T 060000000838500000000  9000000000000013817100000000000000020072011000000000018576000015210000000000000000          090000000000000000                                                  000000000000161020101                     
1040001300038U 06000000000000000000000000002229000000000000000000000000000000000000000016347000000000016347000000000000000000000000000000190720112007201100002007201100000000000000000000000000000000000000000000000000000000000000000000       
1040001300039T 280000000838500000000                     0               00000000000000000000000000000000                         000000000000000000                                                  0000000000002340000000000                 
1040001300040U 280000000000000000000000000000000000000000000000000000000000000000000000000000000000000000000000000000000000000000000000001907201100000000000019072011000000000000000                              000                           
10400015         00004200000000000000000000000000000000000000000000000000000000000000000000000000000000000000000000                                                                                                                             
10499999         000001000044                                                                                                                                                                                                                   
