10400000         2116738870001030000000000000000000001521025051200000000RAIZA CARVALHO PEREIRA        C ECON FEDERAL                          20301201102330300000104000000                    RETORNO-PRODUCAO                  000            
10400011T0100030 20116738870001030000000000000000000001521025051200000000RAIZA CARVALHO PEREIRA                                                                                        00000001030120110000000000                          00   
1040001300001T 060000002505120000000   249000000000000220100000000000000003012011000000000000100000015210000000000000000          090000000000000000                                                  000000000000161020101                     
1040001300002U 06000000000000000000000000000000000000000000000000000000000000000000000000100000000000000100000000000000000000000000000000030120110401201100000401201100000000000000000000000000000000000000000000000000000000000000000000       
10400015         00000400000000000000000000000000000000000000000000000000000000000000000000000000000000000000000000                                                                                                                             
10499999         000001000006                                                                                                                                                                                                                   
