10400000         2023354550001930000000000000000000001521008385000000000CENTRO DE FORMACAO DE ENFERMAGC ECON FEDERAL                          22007201101360600053104000000                    RETORNO-PRODUCAO                  000            
10400011T0100030 20023354550001930000000000000000000001521008385000000000CENTRO DE FORMACAO DE ENFERMAG                                                                                00000531200720110000000000                          00   
1040001300001T 060000000838500000000  9000000000000014007100000000000000020072011000000000018576000015210000000000000000          090000000000000000                                                  000000000000320030100                     
1040001300002U 06000000000000000000000000003344000000000000000000000000000000000000000015232000000000015232000000000000000000000000000000200720112007201100002007201100000000000000000000000000000000000000000000000000000000000000000000       
1040001300003T 060000000838500000000   240000000000042963100000000000000020072011000000000018576000017390000000000000000          090000000000000000                                                  000000000000149060101                     
1040001300004U 06000000000000000000000000001486000000000000000000000000000000000000000017090000000000017090000000000000000000000000000000200720112107201100002107201100000000000000000000000000000000000000000000000000000000000000000000       
1040001300005T 060000000838500000000   1400000000025032501               20072011000000000019900237011460                         090000000000000000                                                  000000000000326040101                     
1040001300006U 06000000000000000000000000002985000000000000000000000000000000000000000016915000000000016915000000000000000000000000000000200720112107201100002107201100000000000000000000000000000000000000000000000000000000000000000000       
1040001300007T 060000000838500000000  9000000000000012608100000000000000020072011000000000018576000006710000000000000000          090000000000000000                                                  000000000000161020101                     
1040001300008U 06000000000000000000000000002229000000000000000000000000000000000000000016347000000000016347000000000000000000000000000000200720112107201100002107201100000000000000000000000000000000000000000000000000000000000000000000       
1040001300009T 060000000838500000000   240000000000045423100000000000000030072011000000000020500000039580000000000000000          090000000000000000                                                  000000000000161020101                     
1040001300010U 06000000000000000000000000004715000000000000000000000000000000000000000015785000000000015785000000000000000000000000000000200720112107201100002107201100000000000000000000000000000000000000000000000000000000000000000000       
1040001300011T 060000000838500000000   1400000000022005761               30062011000000000020500000017390                         090000000000000000                                                  000000000000161020101                     
1040001300012U 06000000000001770000000000000000000000000000000000000000000000000000000022270000000000022270000000000000000000000000000000200720112107201100002107201100000000000000000000000000000000000000000000000000000000000000000000       
1040001300013T 060000000838500000000   1400000000025038031               20072011000000000019900000017390                         090000000000000000                                                  000000000000161020101                     
1040001300014U 06000000000000000000000000002985000000000000000000000000000000000000000016915000000000016915000000000000000000000000000000200720112107201100002107201100000000000000000000000000000000000000000000000000000000000000000000       
1040001300015T 060000000838500000000   1400000000000254321               20072011000000000018576000013070                         090000000000000000                                                  000000000000161020101                     
1040001300016U 06000000000000000000000000002229000000000000000000000000000000000000000016347000000000016347000000000000000000000000000000200720112107201100002107201100000000000000000000000000000000000000000000000000000000000000000000       
1040001300017T 060000000838500000000   1400000000000210971               20072011000000000020500000016490                         090000000000000000                                                  000000000000161020101                     
1040001300018U 06000000000000000000000000003485000000000000000000000000000000000000000017015000000000017015000000000000000000000000000000200720112107201100002107201100000000000000000000000000000000000000000000000000000000000000000000       
1040001300019T 060000000838500000000   240000000000009036100000000000000020072011000000000018576000015210000000000000000          090000000000000000                                                  000000000000161020101                     
1040001300020U 06000000000000000000000000003344000000000000000000000000000000000000000015232000000000015232000000000000000000000000000000200720112107201100002107201100000000000000000000000000000000000000000000000000000000000000000000       
1040001300021T 060000000838500000000   240000000000047140100000000000000020062011000000000002500000015770000000000000000          090000000000000000                                                  000000000000161020101                     
1040001300022U 06000000000000290000000000000000000000000000000000000000000000000000000002790000000000002790000000000000000000000000000000200720112107201100002107201100000000000000000000000000000000000000000000000000000000000000000000       
1040001300023T 060000000838500000000   1400000000000180611               20072011000000000020500000032730                         090000000000000000                                                  000000000000161020101                     
1040001300024U 06000000000000000000000000004715000000000000000000000000000000000000000015785000000000015785000000000000000000000000000000200720112107201100002107201100000000000000000000000000000000000000000000000000000000000000000000       
1040001300025T 060000000838500000000   1400000000000252111               20072011000000000018576000031200                         090000000000000000                                                  000000000000161020101                     
1040001300026U 06000000000000000000000000002229000000000000000000000000000000000000000016347000000000016347000000000000000000000000000000200720112107201100002107201100000000000000000000000000000000000000000000000000000000000000000000       
1040001300027T 060000000838500000000   240000000000027824100000000000000020072011000000000018576000016490000000000000000          090000000000000000                                                  000000000000161020101                     
1040001300028U 06000000000000000000000000003344000000000000000000000000000000000000000015232000000000015232000000000000000000000000000000200720112107201100002107201100000000000000000000000000000000000000000000000000000000000000000000       
1040001300029T 060000000838500000000   1400000000022318701               20072011000000000020062000015210                         090000000000000000                                                  000000000000161020101                     
1040001300030U 06000000000000000000000000001605000000000000000000000000000000000000000018457000000000018457000000000000000000000000000000200720112107201100002107201100000000000000000000000000000000000000000000000000000000000000000000       
1040001300031T 060000000838500000000   240000000000029940100000000000000020072011000000000020500000015210000000000000000          090000000000000000                                                  000000000000161020101                     
1040001300032U 06000000000000000000000000004715000000000000000000000000000000000000000015785000000000015785000000000000000000000000000000200720112107201100002107201100000000000000000000000000000000000000000000000000000000000000000000       
1040001300033T 060000000838500000000   240000000000067788100000000000000020072011000000000020500000032730000000000000000          090000000000000000                                                  000000000000149060101                     
1040001300034U 06000000000000000000000000004715000000000000000000000000000000000000000015785000000000015785000000000000000000000000000000200720112107201100002107201100000000000000000000000000000000000000000000000000000000000000000000       
1040001300035T 060000000838500000000   240000000000051547100000000000000020092011000000000002500000016490000000000000000          090000000000000000                                                  000000000000161020101                     
1040001300036U 06000000000000000000000000000000000000000000000000000000000000000000000002500000000000002500000000000000000000000000000000200720112107201100002107201100000000000000000000000000000000000000000000000000000000000000000000       
1040001300037T 060000000838500000000   1400000000022934181               20072011000000000016500000015210                         090000000000000000                                                  000000000000161020101                     
1040001300038U 06000000000000000000000000000825000000000000000000000000000000000000000015675000000000015675000000000000000000000000000000200720112107201100002107201100000000000000000000000000000000000000000000000000000000000000000000       
1040001300039T 060000000838500000000   240000000000053876100000000000000010072011000000000020500000015760000000000000000          090000000000000000                                                  000000000000161020101                     
1040001300040U 06000000000001090000000000000000000000000000000000000000000000000000000021590000000000021590000000000000000000000000000000200720112107201100002107201100000000000000000000000000000000000000000000000000000000000000000000       
1040001300041T 060000000838500000000   1400000000000209371               20072011000000000020500000017390                         090000000000000000                                                  000000000000161020101                     
1040001300042U 06000000000000000000000000003485000000000000000000000000000000000000000017015000000000017015000000000000000000000000000000200720112107201100002107201100000000000000000000000000000000000000000000000000000000000000000000       
1040001300043T 060000000838500000000  9000000000000007400100000000000000020072011000000000018576000000270000000000000000          090000000000000000                                                  000000000000161020101                     
1040001300044U 06000000000000000000000000003344000000000000000000000000000000000000000015232000000000015232000000000000000000000000000000200720112107201100002107201100000000000000000000000000000000000000000000000000000000000000000000       
1040001300045T 060000000838500000000   240000000000054538100000000000000020072011000000000020500000015770000000000000000          090000000000000000                                                  000000000000161020101                     
1040001300046U 06000000000000000000000000001640000000000000000000000000000000000000000018860000000000018860000000000000000000000000000000200720112107201100002107201100000000000000000000000000000000000000000000000000000000000000000000       
1040001300047T 060000000838500000000   1400000000000186061               20072011000000000020500000015770                         090000000000000000                                                  000000000000161020101                     
1040001300048U 06000000000000000000000000004715000000000000000000000000000000000000000015785000000000015785000000000000000000000000000000200720112107201100002107201100000000000000000000000000000000000000000000000000000000000000000000       
1040001300049T 060000000838500000000   1400000000023509181               20072011000000000019900000014130                         090000000000000000                                                  000000000000161020101                     
1040001300050U 06000000000000000000000000001592000000000000000000000000000000000000000018308000000000018308000000000000000000000000000000200720112107201100002107201100000000000000000000000000000000000000000000000000000000000000000000       
1040001300051T 060000000838500000000   240000000000033620100000000000000020072011000000000018576000021510000000000000000          090000000000000000                                                  000000000000161020101                     
1040001300052U 06000000000000000000000000003076000000000000000000000000000000000000000015500000000000015500000000000000000000000000000000200720112107201100002107201100000000000000000000000000000000000000000000000000000000000000000000       
1040001300053T 060000000838500000000  9000000000000000120100000000000000020072011000000000020500000017390000000000000000          090000000000000000                                                  000000000000161020101                     
1040001300054U 06000000000000000000000000003485000000000000000000000000000000000000000017015000000000017015000000000000000000000000000000200720112107201100002107201100000000000000000000000000000000000000000000000000000000000000000000       
1040001300055T 060000000838500000000   1400000000000176931               20072011000000000020500237021210                         090000000000000000                                                  000000000000326040101                     
1040001300056U 06000000000000000000000000004715000000000000000000000000000000000000000015785000000000015785000000000000000000000000000000200720112107201100002107201100000000000000000000000000000000000000000000000000000000000000000000       
1040001300057T 060000000838500000000   240000000000056182100000000000000020092011000000000002500000039580000000000000000          090000000000000000                                                  000000000000161020101                     
1040001300058U 06000000000000000000000000000000000000000000000000000000000000000000000002500000000000002500000000000000000000000000000000200720112107201100002107201100000000000000000000000000000000000000000000000000000000000000000000       
1040001300059T 060000000838500000000  9000000000000008252100000000000000020072011000000000018576000016490000000000000000          090000000000000000                                                  000000000000161020101                     
1040001300060U 06000000000000000000000000003344000000000000000000000000000000000000000015232000000000015232000000000000000000000000000000200720112107201100002107201100000000000000000000000000000000000000000000000000000000000000000000       
1040001300061T 060000000838500000000   240000000000036467100000000000000020062011000000000020500000016490000000000000000          090000000000000000                                                  000000000000161020101                     
1040001300062U 06000000000002450000000000000000000000000000000000000000000000000000000022950000000000022950000000000000000000000000000000200720112107201100002107201100000000000000000000000000000000000000000000000000000000000000000000       
1040001300063T 060000000838500000000   1400000000023529101               20072011000000000019900237013190                         090000000000000000                                                  000000000000326040101                     
1040001300064U 06000000000000000000000000001592000000000000000000000000000000000000000018308000000000018308000000000000000000000000000000200720112107201100002107201100000000000000000000000000000000000000000000000000000000000000000000       
1040001300065T 060000000838500000000   240000000000039091100000000000000020072011000000000018576000014050000000000000000          090000000000000000                                                  000000000000161020101                     
1040001300066U 06000000000000000000000000001486000000000000000000000000000000000000000017090000000000017090000000000000000000000000000000200720112107201100002107201100000000000000000000000000000000000000000000000000000000000000000000       
1040001300067T 060000000838500000000   1400000000023611621               20072011000000000022140000039580                         090000000000000000                                                  000000000000161020101                     
1040001300068U 06000000000000000000000000001771000000000000000000000000000000000000000020369000000000020369000000000000000000000000000000200720112107201100002107201100000000000000000000000000000000000000000000000000000000000000000000       
1040001300069T 060000000838500000000   240000000000056360100000000000000020092011000000000002500000016490000000000000000          090000000000000000                                                  000000000000161020101                     
1040001300070U 06000000000000000000000000000000000000000000000000000000000000000000000002500000000000002500000000000000000000000000000000200720112107201100002107201100000000000000000000000000000000000000000000000000000000000000000000       
1040001300071T 060000000838500000000   1400000000022269581               20072011000000000019246001000200                         090000000000000000                                                  000000000000326040101                     
1040001300072U 06000000000000000000000000002887000000000000000000000000000000000000000016359000000000016359000000000000000000000000000000200720112107201100002107201100000000000000000000000000000000000000000000000000000000000000000000       
1040001300073T 060000000838500000000   1400000000022275981               20072011000000000019224000007680                         090000000000000000                                                  000000000000161020101                     
1040001300074U 06000000000000000000000000000961000000000000000000000000000000000000000018263000000000018263000000000000000000000000000000200720112107201100002107201100000000000000000000000000000000000000000000000000000000000000000000       
1040001300075T 060000000838500000000   1400000000022009831               20072011000000000020500000015210                         090000000000000000                                                  000000000000161020101                     
1040001300076U 06000000000000000000000000001640000000000000000000000000000000000000000018860000000000018860000000000000000000000000000000200720112107201100002107201100000000000000000000000000000000000000000000000000000000000000000000       
1040001300077T 060000000838500000000   1400000000021955211               20072011000000000018500001029530                         090000000000000000                                                  000000000000326040101                     
1040001300078U 06000000000000000000000000002775000000000000000000000000000000000000000015725000000000015725000000000000000000000000000000200720112107201100002107201100000000000000000000000000000000000000000000000000000000000000000000       
1040001300079T 060000000838500000000   240000000000039660100000000000000020072011000000000020500000039580000000000000000          090000000000000000                                                  000000000000161020101                     
1040001300080U 06000000000000000000000000001640000000000000000000000000000000000000000018860000000000018860000000000000000000000000000000200720112107201100002107201100000000000000000000000000000000000000000000000000000000000000000000       
1040001300081T 060000000838500000000   1400000000024182371               20072011000000000019246000015760                         090000000000000000                                                  000000000000161020101                     
1040001300082U 06000000000000000000000000001540000000000000000000000000000000000000000017706000000000017706000000000000000000000000000000200720112107201100002107201100000000000000000000000000000000000000000000000000000000000000000000       
1040001300083T 060000000838500000000   1400000000000268701               20072011000000000020500033007730                         090000000000000000                                                  000000000000326040101                     
1040001300084U 06000000000000000000000000003485000000000000000000000000000000000000000017015000000000017015000000000000000000000000000000200720112107201100002107201100000000000000000000000000000000000000000000000000000000000000000000       
1040001300085T 060000000838500000000   1400000000024184581               20072011000000000019246237011800                         090000000000000000                                                  000000000000326040101                     
1040001300086U 06000000000000000000000000001540000000000000000000000000000000000000000017706000000000017706000000000000000000000000000000200720112107201100002107201100000000000000000000000000000000000000000000000000000000000000000000       
1040001300087T 060000000838500000000   1400000000000197691               20072011000000000020500000032730                         090000000000000000                                                  000000000000161020101                     
1040001300088U 06000000000000000000000000004715000000000000000000000000000000000000000015785000000000015785000000000000000000000000000000200720112107201100002107201100000000000000000000000000000000000000000000000000000000000000000000       
1040001300089T 060000000838500000000   240000000000058894100000000000000020072011000000000020500000017390000000000000000          090000000000000000                                                  000000000000161020101                     
1040001300090U 06000000000000000000000000001640000000000000000000000000000000000000000018860000000000018860000000000000000000000000000000200720112107201100002107201100000000000000000000000000000000000000000000000000000000000000000000       
1040001300091T 060000000838500000000   240000000000040014100000000000000020072011000000000018576000006710000000000000000          090000000000000000                                                  000000000000161020101                     
1040001300092U 06000000000000000000000000001486000000000000000000000000000000000000000017090000000000017090000000000000000000000000000000200720112107201100002107201100000000000000000000000000000000000000000000000000000000000000000000       
1040001300093T 060000000838500000000   1400000000021954241               20072011000000000018500000000270                         090000000000000000                                                  000000000000161020101                     
1040001300094U 06000000000000000000000000002775000000000000000000000000000000000000000015725000000000015725000000000000000000000000000000200720112107201100002107201100000000000000000000000000000000000000000000000000000000000000000000       
1040001300095T 060000000838500000000   240000000000057278100000000000000020072011000000000020500000014130000000000000000          090000000000000000                                                  000000000000161020101                     
1040001300096U 06000000000000000000000000001640000000000000000000000000000000000000000018860000000000018860000000000000000000000000000000200720112107201100002107201100000000000000000000000000000000000000000000000000000000000000000000       
1040001300097T 060000000838500000000   240000000000040928100000000000000020072011000000000018576000039580000000000000000          090000000000000000                                                  000000000000161020101                     
1040001300098U 06000000000000000000000000001486000000000000000000000000000000000000000017090000000000017090000000000000000000000000000000200720112107201100002107201100000000000000000000000000000000000000000000000000000000000000000000       
1040001300099T 060000000838500000000   240000000000061135100000000000000020072011000000000018576000032730000000000000000          090000000000000000                                                  000000000000161020101                     
1040001300100U 06000000000000000000000000001486000000000000000000000000000000000000000017090000000000017090000000000000000000000000000000200720112107201100002107201100000000000000000000000000000000000000000000000000000000000000000000       
1040001300101T 060000000838500000000   1400000000024190041               20072011000000000019246000031260                         090000000000000000                                                  000000000000161020101                     
1040001300102U 06000000000000000000000000001540000000000000000000000000000000000000000017706000000000017706000000000000000000000000000000200720112107201100002107201100000000000000000000000000000000000000000000000000000000000000000000       
1040001300103T 060000000838500000000   1400000000022284031               20062011000000000019224000031200                         090000000000000000                                                  000000000000161020101                     
1040001300104U 06000000000002275000000000000000000000000000000000000000000000000000000021499000000000021499000000000000000000000000000000200720112107201100002107201100000000000000000000000000000000000000000000000000000000000000000000       
1040001300105T 060000000838500000000   240000000000056620100000000000000020092011000000000002500033007730000000000000000          090000000000000000                                                  000000000000326040101                     
1040001300106U 06000000000000000000000000000000000000000000000000000000000000000000000002500000000000002500000000000000000000000000000000200720112107201100002107201100000000000000000000000000000000000000000000000000000000000000000000       
1040001300107T 060000000838500000000   1400000000000183391               20072011000000000020500000015760                         090000000000000000                                                  000000000000161020101                     
1040001300108U 06000000000000000000000000004715000000000000000000000000000000000000000015785000000000015785000000000000000000000000000000200720112107201100002107201100000000000000000000000000000000000000000000000000000000000000000000       
1040001300109T 060000000838500000000   1400000000022311531               20072011000000000020062000000270                         090000000000000000                                                  000000000000161020101                     
1040001300110U 06000000000000000000000000001605000000000000000000000000000000000000000018457000000000018457000000000000000000000000000000200720112107201100002107201100000000000000000000000000000000000000000000000000000000000000000000       
1040001300111T 060000000838500000000   1400000000000159761               20072011000000000018576000015770                         090000000000000000                                                  000000000000161020101                     
1040001300112U 06000000000000000000000000003344000000000000000000000000000000000000000015232000000000015232000000000000000000000000000000200720112107201100002107201100000000000000000000000000000000000000000000000000000000000000000000       
1040001300113T 060000000838500000000   240000000000042041100000000000000020072011000000000018576000015760000000000000000          090000000000000000                                                  000000000000161020101                     
1040001300114U 06000000000000000000000000001567000000000000000000000000000000000000000017009000000000017009000000000000000000000000000000200720112107201100002107201100000000000000000000000000000000000000000000000000000000000000000000       
1040001300115T 060000000838500000000   1400000000024464861               20072011000000000022176237021210                         090000000000000000                                                  000000000000326040101                     
1040001300116U 06000000000000000000000000002661000000000000000000000000000000000000000019515000000000019515000000000000000000000000000000200720112107201100002107201100000000000000000000000000000000000000000000000000000000000000000000       
1040001300117T 280000000838500000000                     0               00000000000000000000000000000000                         000000000000000000                                                  0000000000007800000000000                 
1040001300118U 280000000000000000000000000000000000000000000000000000000000000000000000000000000000000000000000000000000000000000000000002007201100000000000020072011000000000000000                              000                           
10400015         00012000000000000000000000000000000000000000000000000000000000000000000000000000000000000000000000                                                                                                                             
10499999         000001000122                                                                                                                                                                                                                   
