10400000         2023354550001930000000000000000000001521008385000000000CENTRO DE FORMACAO DE ENFERMAGC ECON FEDERAL                          22107201101314400053204000000                    RETORNO-PRODUCAO                  000            
10400011T0100030 20023354550001930000000000000000000001521008385000000000CENTRO DE FORMACAO DE ENFERMAG                                                                                00000532210720110000000000                          00   
1040001300001T 060000000838500000000   1400000000022862171               20072011000000000018500000015210                         090000000000000000                                                  000000000000320030100                     
1040001300002U 06000000000000000000000000000000000000000000000000000000000000000000000018500000000000018500000000000000000000000000000000210720112107201100002107201100000000000000000000000000000000000000000000000000000000000000000000       
1040001300003T 060000000838500000000   1400000000022339381               20072011000000000018576000013070                         090000000000000000                                                  000000000000161020101                     
1040001300004U 06000000000000432000000000000000000000000000000000000000000000000000000019008000000000019008000000000000000000000000000000210720112207201100002207201100000000000000000000000000000000000000000000000000000000000000000000       
1040001300005T 060000000838500000000   1400000000022856361               20072011000000000020500000000270                         090000000000000000                                                  000000000000161020101                     
1040001300006U 06000000000000478000000000000000000000000000000000000000000000000000000020978000000000020978000000000000000000000000000000210720112207201100002207201100000000000000000000000000000000000000000000000000000000000000000000       
1040001300007T 060000000838500000000   1400000000023025301               20072011000000000018576000013070                         090000000000000000                                                  000000000000161020101                     
1040001300008U 06000000000000062000000000000000000000000000000000000000000000000000000018638000000000018638000000000000000000000000000000210720112207201100002207201100000000000000000000000000000000000000000000000000000000000000000000       
1040001300009T 060000000838500000000   240000000000044737100000000000000020072011000000000020500000017390000000000000000          090000000000000000                                                  000000000000161020101                     
1040001300010U 06000000000000478000000000000000000000000000000000000000000000000000000020978000000000020978000000000000000000000000000000210720112207201100002207201100000000000000000000000000000000000000000000000000000000000000000000       
1040001300011T 060000000838500000000   240000000000058169100000000000000020072011000000000020500000031200000000000000000          090000000000000000                                                  000000000000161020101                     
1040001300012U 06000000000000478000000000000000000000000000000000000000000000000000000020978000000000020978000000000000000000000000000000210720112207201100002207201100000000000000000000000000000000000000000000000000000000000000000000       
1040001300013T 060000000838500000000   240000000000070215100000000000000020072011000000000020500000000270000000000000000          090000000000000000                                                  000000000000161020101                     
1040001300014U 06000000000000478000000000000000000000000000000000000000000000000000000020978000000000020978000000000000000000000000000000210720112207201100002207201100000000000000000000000000000000000000000000000000000000000000000000       
1040001300015T 060000000838500000000   1400000000021709101               20072011000000000022140000039580                         090000000000000000                                                  000000000000161020101                     
1040001300016U 06000000000000000000000000000000000000000000000000000000000000000000000022140000000000022140000000000000000000000000000000210720112207201100002207201100000000000000000000000000000000000000000000000000000000000000000000       
1040001300017T 280000000838500000000                     0               00000000000000000000000000000000                         000000000000000000                                                  0000000000001300000000000                 
1040001300018U 280000000000000000000000000000000000000000000000000000000000000000000000000000000000000000000000000000000000000000000000002107201100000000000021072011000000000000000                              000                           
10400015         00002000000000000000000000000000000000000000000000000000000000000000000000000000000000000000000000                                                                                                                             
10499999         000001000022                                                                                                                                                                                                                   
