10400000         2023354550001930000000000000000000001521008385000000000CENTRO DE FORMACAO DE ENFERMAGC ECON FEDERAL                          22207201101483700053304000000                    RETORNO-PRODUCAO                  000            
10400011T0100030 20023354550001930000000000000000000001521008385000000000CENTRO DE FORMACAO DE ENFERMAG                                                                                00000533220720110000000000                          00   
1040001300001T 060000000838500000000   1400000000023511401               10082011000000000019900000015760                         090000000000000000                                                  000000000000161020101                     
1040001300002U 06000000000000000000000000001592000000000000000000000000000000000000000018308000000000018308000000000000000000000000000000220720112507201100002507201100000000000000000000000000000000000000000000000000000000000000000000       
1040001300003T 060000000838500000000   240000000000000357100000000000000030072011000000000018576237007860000000000000000          090000000000000000                                                  000000000000326040101                     
1040001300004U 06000000000000000000000000001486000000000000000000000000000000000000000017090000000000017090000000000000000000000000000000220720112507201100002507201100000000000000000000000000000000000000000000000000000000000000000000       
1040001300005T 060000000838500000000   240000000000035118100000000000000020072011000000000015000000015760000000000000000          090000000000000000                                                  000000000000161020101                     
1040001300006U 06000000000000400000000000000000000000000000000000000000000000000000000015400000000000015400000000000000000000000000000000220720112507201100002507201100000000000000000000000000000000000000000000000000000000000000000000       
1040001300007T 060000000838500000000   240000000000047086100000000000000020072011000000000002500000015210000000000000000          090000000000000000                                                  000000000000161020101                     
1040001300008U 06000000000000066000000000000000000000000000000000000000000000000000000002566000000000002566000000000000000000000000000000220720112507201100002507201100000000000000000000000000000000000000000000000000000000000000000000       
1040001300009T 280000000838500000000                     0               00000000000000000000000000000000                         000000000000000000                                                  0000000000000260000000000                 
1040001300010U 280000000000000000000000000000000000000000000000000000000000000000000000000000000000000000000000000000000000000000000000002207201100000000000022072011000000000000000                              000                           
10400015         00001200000000000000000000000000000000000000000000000000000000000000000000000000000000000000000000                                                                                                                             
10499999         000001000014                                                                                                                                                                                                                   
