10400000         2023354550001930000000000000000000001521008385000000000CENTRO DE FORMACAO DE ENFERMAGC ECON FEDERAL                          22507201102081200053404000000                    RETORNO-PRODUCAO                  000            
10400011T0100030 20023354550001930000000000000000000001521008385000000000CENTRO DE FORMACAO DE ENFERMAG                                                                                00000534250720110000000000                          00   
1040001300001T 060000000838500000000   1400000000022083801               31072011000000000017820000007640                         090000000000000000                                                  000000000000149060101                     
1040001300002U 06000000000000000000000000001426000000000000000000000000000000000000000016394000000000016394000000000000000000000000000000250720112607201100002607201100000000000000000000000000000000000000000000000000000000000000000000       
1040001300003T 060000000838500000000   1400000000022957801               31072011000000000018576000015760                         090000000000000000                                                  000000000000161020101                     
1040001300004U 06000000000000000000000000002229000000000000000000000000000000000000000016347000000000016347000000000000000000000000000000250720112607201100002607201100000000000000000000000000000000000000000000000000000000000000000000       
1040001300005T 060000000838500000000   1400000000023953771               31072011000000000018576000000270                         090000000000000000                                                  000000000000161020101                     
1040001300006U 06000000000000000000000000002229000000000000000000000000000000000000000016347000000000016347000000000000000000000000000000250720112607201100002607201100000000000000000000000000000000000000000000000000000000000000000000       
1040001300007T 060000000838500000000   1400000000024127781               20072011000000000020062000000270                         090000000000000000                                                  000000000000161020101                     
1040001300008U 06000000000000731000000000000000000000000000000000000000000000000000000020793000000000020793000000000000000000000000000000250720112607201100002607201100000000000000000000000000000000000000000000000000000000000000000000       
1040001300009T 060000000838500000000   1400000000025045401               31072011000000000019900000015210                         090000000000000000                                                  000000000000161020101                     
1040001300010U 06000000000000000000000000002985000000000000000000000000000000000000000016915000000000016915000000000000000000000000000000250720112607201100002607201100000000000000000000000000000000000000000000000000000000000000000000       
1040001300011T 060000000838500000000   1400000000025074851               31072011000000000019900000000270                         090000000000000000                                                  000000000000161020101                     
1040001300012U 06000000000000000000000000001592000000000000000000000000000000000000000018308000000000018308000000000000000000000000000000250720112607201100002607201100000000000000000000000000000000000000000000000000000000000000000000       
1040001300013T 060000000838500000000   1400000000025082281               31072011000000000019900000031200                         090000000000000000                                                  000000000000161020101                     
1040001300014U 06000000000000000000000000001592000000000000000000000000000000000000000018308000000000018308000000000000000000000000000000250720112607201100002607201100000000000000000000000000000000000000000000000000000000000000000000       
1040001300015T 060000000838500000000   240000000000033476100000000000000030072011000000000018576000015210000000000000000          090000000000000000                                                  000000000000161020101                     
1040001300016U 06000000000000000000000000003344000000000000000000000000000000000000000015232000000000015232000000000000000000000000000000250720112607201100002607201100000000000000000000000000000000000000000000000000000000000000000000       
1040001300017T 060000000838500000000   240000000000034405100000000000000020072011000000000015000000017390000000000000000          090000000000000000                                                  000000000000161020101                     
1040001300018U 06000000000000550000000000000000000000000000000000000000000000000000000015550000000000015550000000000000000000000000000000250720112607201100002607201100000000000000000000000000000000000000000000000000000000000000000000       
1040001300019T 060000000838500000000   240000000000043935100000000000000030072011000000000020500000032730000000000000000          090000000000000000                                                  000000000000161020101                     
1040001300020U 06000000000000000000000000001640000000000000000000000000000000000000000018860000000000018860000000000000000000000000000000250720112607201100002607201100000000000000000000000000000000000000000000000000000000000000000000       
1040001300021T 060000000838500000000   240000000000049968100000000000000030082011000000000002500000017390000000000000000          090000000000000000                                                  000000000000161020101                     
1040001300022U 06000000000000000000000000000000000000000000000000000000000000000000000002500000000000002500000000000000000000000000000000250720112607201100002607201100000000000000000000000000000000000000000000000000000000000000000000       
1040001300023T 060000000838500000000   240000000000058568100000000000000020072011000000000020500000015770000000000000000          090000000000000000                                                  000000000000161020101                     
1040001300024U 06000000000000750000000000000000000000000000000000000000000000000000000021250000000000021250000000000000000000000000000000250720112607201100002607201100000000000000000000000000000000000000000000000000000000000000000000       
1040001300025T 060000000838500000000  9000000000000004958100000000000000030072011000000000020500000017390000000000000000          090000000000000000                                                  000000000000161020101                     
1040001300026U 06000000000000000000000000003485000000000000000000000000000000000000000017015000000000017015000000000000000000000000000000250720112607201100002607201100000000000000000000000000000000000000000000000000000000000000000000       
1040001300027T 060000000838500000000  9000000000000013477100000000000000030072011000000000018576000015210000000000000000          090000000000000000                                                  000000000000161020101                     
1040001300028U 06000000000000000000000000002229000000000000000000000000000000000000000016347000000000016347000000000000000000000000000000250720112607201100002607201100000000000000000000000000000000000000000000000000000000000000000000       
1040001300029T 280000000838500000000                     0               00000000000000000000000000000000                         000000000000000000                                                  0000000000001820000000000                 
1040001300030U 280000000000000000000000000000000000000000000000000000000000000000000000000000000000000000000000000000000000000000000000002507201100000000000025072011000000000000000                              000                           
10400015         00003200000000000000000000000000000000000000000000000000000000000000000000000000000000000000000000                                                                                                                             
10499999         000001000034                                                                                                                                                                                                                   
