10400000         2023354550001930000000000000000000001521008385000000000CENTRO DE FORMACAO DE ENFERMAGC ECON FEDERAL                          22607201101285800053504000000                    RETORNO-PRODUCAO                  000            
10400011T0100030 20023354550001930000000000000000000001521008385000000000CENTRO DE FORMACAO DE ENFERMAG                                                                                00000535260720110000000000                          00   
1040001300001T 060000000838500000000   240000000000040502100000000000000030072011000000000018576000020630000000000000000          090000000000000000                                                  000000000000320030100                     
1040001300002U 06000000000000000000000000001486000000000000000000000000000000000000000017090000000000017090000000000000000000000000000000260720112607201100002607201100000000000000000000000000000000000000000000000000000000000000000000       
1040001300003T 060000000838500000000   1400000000000200401               30072011000000000020500000013070                         090000000000000000                                                  000000000000161020101                     
1040001300004U 06000000000000000000000000004715000000000000000000000000000000000000000015785000000000015785000000000000000000000000000000260720112707201100002707201100000000000000000000000000000000000000000000000000000000000000000000       
1040001300005T 060000000838500000000   1400000000000212081               30072011000000000020500000015760                         090000000000000000                                                  000000000000161020101                     
1040001300006U 06000000000000000000000000003485000000000000000000000000000000000000000017015000000000017015000000000000000000000000000000260720112707201100002707201100000000000000000000000000000000000000000000000000000000000000000000       
1040001300007T 060000000838500000000   1400000000022274741               20072011000000000019246000000270                         090000000000000000                                                  000000000000161020101                     
1040001300008U 06000000000000769000000000000000000000000000000000000000000000000000000020015000000000020015000000000000000000000000000000260720112707201100002707201100000000000000000000000000000000000000000000000000000000000000000000       
1040001300009T 060000000838500000000   1400000000025073611               20072011000000000019900000015210                         090000000000000000                                                  000000000000161020101                     
1040001300010U 06000000000000794000000000000000000000000000000000000000000000000000000020694000000000020694000000000000000000000000000000260720112707201100002707201100000000000000000000000000000000000000000000000000000000000000000000       
1040001300011T 060000000838500000000   240000000000015214100000000000000030072011000000000018576000015210000000000000000          090000000000000000                                                  000000000000161020101                     
1040001300012U 06000000000000000000000000001486000000000000000000000000000000000000000017090000000000017090000000000000000000000000000000260720112707201100002707201100000000000000000000000000000000000000000000000000000000000000000000       
1040001300013T 280000000838500000000                     0               00000000000000000000000000000000                         000000000000000000                                                  0000000000001040000000000                 
1040001300014U 280000000000000000000000000000000000000000000000000000000000000000000000000000000000000000000000000000000000000000000000002607201100000000000026072011000000000000000                              000                           
10400015         00001600000000000000000000000000000000000000000000000000000000000000000000000000000000000000000000                                                                                                                             
10499999         000001000018                                                                                                                                                                                                                   
