10400000         2023354550001930000000000000000000001521008385000000000CENTRO DE FORMACAO DE ENFERMAGC ECON FEDERAL                          22707201101300400053604000000                    RETORNO-PRODUCAO                  000            
10400011T0100030 20023354550001930000000000000000000001521008385000000000CENTRO DE FORMACAO DE ENFERMAG                                                                                00000536270720110000000000                          00   
1040001300001T 060000000838500000000   240000000000052381100000000000000030072011000000000020500000015760000000000000000          090000000000000000                                                  000000000000161020101                     
1040001300002U 06000000000000000000000000006150000000000000000000000000000000000000000014350000000000014350000000000000000000000000000000270720112807201100002807201100000000000000000000000000000000000000000000000000000000000000000000       
1040001300003T 060000000838500000000   1400000000023619951               20072011000000000022140000015760                         090000000000000000                                                  000000000000161020101                     
1040001300004U 06000000000000953000000000000000000000000000000000000000000000000000000023093000000000023093000000000000000000000000000000270720112807201100002807201100000000000000000000000000000000000000000000000000000000000000000000       
1040001300005T 060000000838500000000   240000000000031201100000000000000030072011000000000020500000014130000000000000000          090000000000000000                                                  000000000000161020101                     
1040001300006U 06000000000000000000000000004715000000000000000000000000000000000000000015785000000000015785000000000000000000000000000000270720112807201100002807201100000000000000000000000000000000000000000000000000000000000000000000       
1040001300007T 060000000838500000000   240000000000064819100000000000000030072011000000000018576000015760000000000000000          090000000000000000                                                  000000000000161020101                     
1040001300008U 06000000000000000000000000003344000000000000000000000000000000000000000015232000000000015232000000000000000000000000000000270720112807201100002807201100000000000000000000000000000000000000000000000000000000000000000000       
1040001300009T 060000000838500000000   1400000000023609481               31072011000000000022140000015210                         090000000000000000                                                  000000000000161020101                     
1040001300010U 06000000000000000000000000001771000000000000000000000000000000000000000020369000000000020369000000000000000000000000000000270720112807201100002807201100000000000000000000000000000000000000000000000000000000000000000000       
1040001300011T 060000000838500000000  9000000000000005253100000000000000030072011000000000020500000013070000000000000000          090000000000000000                                                  000000000000161020101                     
1040001300012U 06000000000000000000000000003485000000000000000000000000000000000000000017015000000000017015000000000000000000000000000000270720112807201100002807201100000000000000000000000000000000000000000000000000000000000000000000       
1040001300013T 060000000838500000000   240000000000060007100000000000000030072011000000000018576000015760000000000000000          090000000000000000                                                  000000000000161020101                     
1040001300014U 06000000000000000000000000001486000000000000000000000000000000000000000017090000000000017090000000000000000000000000000000270720112807201100002807201100000000000000000000000000000000000000000000000000000000000000000000       
1040001300015T 060000000838500000000   1400000000023606111               30072011000000000022140000015210                         090000000000000000                                                  000000000000161020101                     
1040001300016U 06000000000000000000000000001771000000000000000000000000000000000000000020369000000000020369000000000000000000000000000000270720112807201100002807201100000000000000000000000000000000000000000000000000000000000000000000       
1040001300017T 060000000838500000000   1400000000000177901               30072011000000000020500000032730                         090000000000000000                                                  000000000000149060101                     
1040001300018U 06000000000000000000000000004715000000000000000000000000000000000000000015785000000000015785000000000000000000000000000000270720112807201100002807201100000000000000000000000000000000000000000000000000000000000000000000       
1040001300019T 060000000838500000000   240000000000008781100000000000000030072011000000000018576000014050000000000000000          090000000000000000                                                  000000000000161020101                     
1040001300020U 06000000000000000000000000003344000000000000000000000000000000000000000015232000000000015232000000000000000000000000000000270720112807201100002807201100000000000000000000000000000000000000000000000000000000000000000000       
1040001300021T 060000000838500000000   1400000000022032221               20072011000000000017820000031200                         090000000000000000                                                  000000000000161020101                     
1040001300022U 06000000000000000000000000000000000000000000000000000000000000000000000017820000000000017820000000000000000000000000000000270720112807201100002807201100000000000000000000000000000000000000000000000000000000000000000000       
1040001300023T 280000000838500000000                     0               00000000000000000000000000000000                         000000000000000000                                                  0000000000001300000000000                 
1040001300024U 280000000000000000000000000000000000000000000000000000000000000000000000000000000000000000000000000000000000000000000000002707201100000000000027072011000000000000000                              000                           
10400015         00002600000000000000000000000000000000000000000000000000000000000000000000000000000000000000000000                                                                                                                             
10499999         000001000028                                                                                                                                                                                                                   
