10400000         2023354550001930000000000000000000001521008385000000000CENTRO DE FORMACAO DE ENFERMAGC ECON FEDERAL                          22807201101323800053704000000                    RETORNO-PRODUCAO                  000            
10400011T0100030 20023354550001930000000000000000000001521008385000000000CENTRO DE FORMACAO DE ENFERMAG                                                                                00000537280720110000000000                          00   
1040001300001T 060000000838500000000   240000000000070320100000000000000020072011000000000020500000013070000000000000000          090000000000000000                                                  000000000000320030100                     
1040001300002U 06000000000000954000000000000000000000000000000000000000000000000000000021454000000000021454000000000000000000000000000000280720112807201100002807201100000000000000000000000000000000000000000000000000000000000000000000       
1040001300003T 060000000838500000000   240000000000032887100000000000000030072011000000000018576000039580000000000000000          090000000000000000                                                  000000000000161020101                     
1040001300004U 06000000000000000000000000003344000000000000000000000000000000000000000015232000000000015232000000000000000000000000000000280720112907201100002907201100000000000000000000000000000000000000000000000000000000000000000000       
1040001300005T 060000000838500000000   1400000000000223361               30072011000000000020500001044430                         090000000000000000                                                  000000000000326040101                     
1040001300006U 06000000000000000000000000003485000000000000000000000000000000000000000017015000000000017015000000000000000000000000000000280720112907201100002907201100000000000000000000000000000000000000000000000000000000000000000000       
1040001300007T 060000000838500000000   240000000000066870100000000000000030082011000000000018576000017390000000000000000          090000000000000000                                                  000000000000161020101                     
1040001300008U 06000000000000000000000000003344000000000000000000000000000000000000000015232000000000015232000000000000000000000000000000280720112907201100002907201100000000000000000000000000000000000000000000000000000000000000000000       
1040001300009T 060000000838500000000   1400000000022910911               30072011000000000018576000016490                         090000000000000000                                                  000000000000161020101                     
1040001300010U 06000000000000000000000000001486000000000000000000000000000000000000000017090000000000017090000000000000000000000000000000280720112907201100002907201100000000000000000000000000000000000000000000000000000000000000000000       
1040001300011T 060000000838500000000   1400000000022925351               31072011000000000018576000017390                         090000000000000000                                                  000000000000161020101                     
1040001300012U 06000000000000000000000000002229000000000000000000000000000000000000000016347000000000016347000000000000000000000000000000280720112907201100002907201100000000000000000000000000000000000000000000000000000000000000000000       
1040001300013T 060000000838500000000  9000000000000012926100000000000000030072011000000000018576000032730000000000000000          090000000000000000                                                  000000000000161020101                     
1040001300014U 06000000000000000000000000002229000000000000000000000000000000000000000016347000000000016347000000000000000000000000000000280720112907201100002907201100000000000000000000000000000000000000000000000000000000000000000000       
1040001300015T 060000000838500000000   1400000000022959921               31072011000000000017820000031200                         090000000000000000                                                  000000000000161020101                     
1040001300016U 06000000000000000000000000002673000000000000000000000000000000000000000015147000000000015147000000000000000000000000000000280720112907201100002907201100000000000000000000000000000000000000000000000000000000000000000000       
1040001300017T 060000000838500000000   1400000000023508021               31072011000000000019900000015210                         090000000000000000                                                  000000000000161020101                     
1040001300018U 06000000000000000000000000001592000000000000000000000000000000000000000018308000000000018308000000000000000000000000000000280720112907201100002907201100000000000000000000000000000000000000000000000000000000000000000000       
1040001300019T 060000000838500000000   1400000000025071241               20072011000000000019900000014130                         090000000000000000                                                  000000000000161020101                     
1040001300020U 06000000000000926000000000000000000000000000000000000000000000000000000020826000000000020826000000000000000000000000000000280720112907201100002907201100000000000000000000000000000000000000000000000000000000000000000000       
1040001300021T 060000000838500000000   1400000000023539681               31072011000000000019900000015760                         090000000000000000                                                  000000000000161020101                     
1040001300022U 06000000000000000000000000001592000000000000000000000000000000000000000018308000000000018308000000000000000000000000000000280720112907201100002907201100000000000000000000000000000000000000000000000000000000000000000000       
1040001300023T 060000000838500000000   1400000000023574751               31072011000000000017820237026170                         090000000000000000                                                  000000000000326040101                     
1040001300024U 06000000000000000000000000000891000000000000000000000000000000000000000016929000000000016929000000000000000000000000000000280720112907201100002907201100000000000000000000000000000000000000000000000000000000000000000000       
1040001300025T 060000000838500000000   1400000000024629371               31072011000000000018576000015210                         090000000000000000                                                  000000000000161020101                     
1040001300026U 06000000000000000000000000001488000000000000000000000000000000000000000017088000000000017088000000000000000000000000000000280720112907201100002907201100000000000000000000000000000000000000000000000000000000000000000000       
1040001300027T 060000000838500000000   1400000000024115691               31072011000000000019246001000220                         090000000000000000                                                  000000000000326040101                     
1040001300028U 06000000000000000000000000001540000000000000000000000000000000000000000017706000000000017706000000000000000000000000000000280720112907201100002907201100000000000000000000000000000000000000000000000000000000000000000000       
1040001300029T 060000000838500000000   240000000000018434100000000000000030072011000000000020500000015210000000000000000          090000000000000000                                                  000000000000161020101                     
1040001300030U 06000000000000000000000000004715000000000000000000000000000000000000000015785000000000015785000000000000000000000000000000280720112907201100002907201100000000000000000000000000000000000000000000000000000000000000000000       
1040001300031T 060000000838500000000   240000000000014455100000000000000030072011000000000018576000039580000000000000000          090000000000000000                                                  000000000000161020101                     
1040001300032U 06000000000000000000000000003344000000000000000000000000000000000000000015232000000000015232000000000000000000000000000000280720112907201100002907201100000000000000000000000000000000000000000000000000000000000000000000       
1040001300033T 060000000838500000000   1400000000022302541               30062011000000000017820000016490                         090000000000000000                                                  000000000000161020101                     
1040001300034U 06000000000002008000000000000000000000000000000000000000000000000000000019828000000000019828000000000000000000000000000000280720112907201100002907201100000000000000000000000000000000000000000000000000000000000000000000       
1040001300035T 280000000838500000000                     0               00000000000000000000000000000000                         000000000000000000                                                  0000000000002860000000000                 
1040001300036U 280000000000000000000000000000000000000000000000000000000000000000000000000000000000000000000000000000000000000000000000002807201100000000000028072011000000000000000                              000                           
10400015         00003800000000000000000000000000000000000000000000000000000000000000000000000000000000000000000000                                                                                                                             
10499999         000001000040                                                                                                                                                                                                                   
