10400000         2023354550001930000000000000000000001521008385000000000CENTRO DE FORMACAO DE ENFERMAGC ECON FEDERAL                          22907201102323200053804000000                    RETORNO-PRODUCAO                  000            
10400011T0100030 20023354550001930000000000000000000001521008385000000000CENTRO DE FORMACAO DE ENFERMAG                                                                                00000538290720110000000000                          00   
1040001300001T 060000000838500000000   1400000000000158011               30072011000000000018576000015210                         090000000000000000                                                  000000000000320030100                     
1040001300002U 06000000000000000000000000003344000000000000000000000000000000000000000015232000000000015232000000000000000000000000000000290720112907201100002907201100000000000000000000000000000000000000000000000000000000000000000000       
1040001300003T 060000000838500000000   240000000000030108100000000000000030072011000000000020500000015760000000000000000          090000000000000000                                                  000000000000320030100                     
1040001300004U 06000000000000000000000000004715000000000000000000000000000000000000000015785000000000015785000000000000000000000000000000290720112907201100002907201100000000000000000000000000000000000000000000000000000000000000000000       
1040001300005T 060000000838500000000   240000000000052594100000000000000030072011000000000020500000039580000000000000000          090000000000000000                                                  000000000000320030100                     
1040001300006U 06000000000000000000000000001640000000000000000000000000000000000000000018860000000000018860000000000000000000000000000000290720112907201100002907201100000000000000000000000000000000000000000000000000000000000000000000       
1040001300007T 060000000838500000000   240000000000052357100000000000000030072011000000000020500000015760000000000000000          090000000000000000                                                  000000000000161020101                     
1040001300008U 06000000000000000000000000001640000000000000000000000000000000000000000018860000000000018860000000000000000000000000000000290720110108201100000108201100000000000000000000000000000000000000000000000000000000000000000000       
1040001300009T 060000000838500000000   240000000000044834100000000000000010082011000000000018576000017390000000000000000          090000000000000000                                                  000000000000161020101                     
1040001300010U 06000000000000000000000000003344000000000000000000000000000000000000000015232000000000015232000000000000000000000000000000290720110108201100000108201100000000000000000000000000000000000000000000000000000000000000000000       
1040001300011T 060000000838500000000   240000000000047086100000000000000030072011000000000002500000015210000000000000000          090000000000000000                                                  000000000000161020101                     
1040001300012U 06000000000000000000000000000000000000000000000000000000000000000000000002500000000000002500000000000000000000000000000000290720110108201100000108201100000000000000000000000000000000000000000000000000000000000000000000       
1040001300013T 060000000838500000000   240000000000054740100000000000000030092011000000000002500000006710000000000000000          090000000000000000                                                  000000000000161020101                     
1040001300014U 06000000000000000000000000000000000000000000000000000000000000000000000002500000000000002500000000000000000000000000000000290720110108201100000108201100000000000000000000000000000000000000000000000000000000000000000000       
1040001300015T 060000000838500000000   240000000000058207100000000000000030072011000000000020500000015210000000000000000          090000000000000000                                                  000000000000161020101                     
1040001300016U 06000000000000000000000000001640000000000000000000000000000000000000000018860000000000018860000000000000000000000000000000290720110108201100000108201100000000000000000000000000000000000000000000000000000000000000000000       
1040001300017T 060000000838500000000   240000000000061461100000000000000030072011000000000018576000000270000000000000000          090000000000000000                                                  000000000000161020101                     
1040001300018U 06000000000000000000000000001567000000000000000000000000000000000000000017009000000000017009000000000000000000000000000000290720110108201100000108201100000000000000000000000000000000000000000000000000000000000000000000       
1040001300019T 060000000838500000000   240000000000065793100000000000000030072011000000000025585000000270000000000000000          090000000000000000                                                  000000000000161020101                     
1040001300020U 06000000000000000000000000005885000000000000000000000000000000000000000019700000000000019700000000000000000000000000000000290720110108201100000108201100000000000000000000000000000000000000000000000000000000000000000000       
1040001300021T 060000000838500000000   240000000000065815100000000000000030072011000000000002500000000270000000000000000          090000000000000000                                                  000000000000161020101                     
1040001300022U 06000000000000000000000000000000000000000000000000000000000000000000000002500000000000002500000000000000000000000000000000290720110108201100000108201100000000000000000000000000000000000000000000000000000000000000000000       
1040001300023T 060000000838500000000   240000000000067206100000000000000030072011000000000020500341003650000000000000000          090000000000000000                                                  000000000000326040101                     
1040001300024U 06000000000000000000000000004715000000000000000000000000000000000000000015785000000000015785000000000000000000000000000000290720110108201100000108201100000000000000000000000000000000000000000000000000000000000000000000       
1040001300025T 060000000838500000000   240000000000068334100000000000000030082011000000000020500000000270000000000000000          090000000000000000                                                  000000000000161020101                     
1040001300026U 06000000000000000000000000004715000000000000000000000000000000000000000015785000000000015785000000000000000000000000000000290720110108201100000108201100000000000000000000000000000000000000000000000000000000000000000000       
1040001300027T 060000000838500000000  9000000000000004702100000000000000030072011000000000020500341078610000000000000000          090000000000000000                                                  000000000000326040101                     
1040001300028U 06000000000000000000000000003485000000000000000000000000000000000000000017015000000000017015000000000000000000000000000000290720110108201100000108201100000000000000000000000000000000000000000000000000000000000000000000       
1040001300029T 060000000838500000000  9000000000000013060100000000000000030072011000000000018576000015760000000000000000          090000000000000000                                                  000000000000161020101                     
1040001300030U 06000000000000000000000000003344000000000000000000000000000000000000000015232000000000015232000000000000000000000000000000290720110108201100000108201100000000000000000000000000000000000000000000000000000000000000000000       
1040001300031T 060000000838500000000  9000000000000014295100000000000000030072011000000000018576000015210000000000000000          090000000000000000                                                  000000000000161020101                     
1040001300032U 06000000000000000000000000003344000000000000000000000000000000000000000015232000000000015232000000000000000000000000000000290720110108201100000108201100000000000000000000000000000000000000000000000000000000000000000000       
1040001300033T 060000000838500000000   240000000000028219100000000000000030072011000000000018576000015210000000000000000          090000000000000000                                                  000000000000161020101                     
1040001300034U 06000000000000000000000000003344000000000000000000000000000000000000000015232000000000015232000000000000000000000000000000290720110108201100000108201100000000000000000000000000000000000000000000000000000000000000000000       
1040001300035T 060000000838500000000   240000000000031040100000000000000030072011000000000020500000016490000000000000000          090000000000000000                                                  000000000000161020101                     
1040001300036U 06000000000000000000000000004715000000000000000000000000000000000000000015785000000000015785000000000000000000000000000000290720110108201100000108201100000000000000000000000000000000000000000000000000000000000000000000       
1040001300037T 060000000838500000000   240000000000031970100000000000000030072011000000000020500000006710000000000000000          090000000000000000                                                  000000000000161020101                     
1040001300038U 06000000000000000000000000004715000000000000000000000000000000000000000015785000000000015785000000000000000000000000000000290720110108201100000108201100000000000000000000000000000000000000000000000000000000000000000000       
1040001300039T 060000000838500000000   240000000000038753100000000000000030072011000000000018576000015210000000000000000          090000000000000000                                                  000000000000161020101                     
1040001300040U 06000000000000000000000000001486000000000000000000000000000000000000000017090000000000017090000000000000000000000000000000290720110108201100000108201100000000000000000000000000000000000000000000000000000000000000000000       
1040001300041T 060000000838500000000   240000000000043170100000000000000030072011000000000018576000031200000000000000000          090000000000000000                                                  000000000000161020101                     
1040001300042U 06000000000000000000000000001486000000000000000000000000000000000000000017090000000000017090000000000000000000000000000000290720110108201100000108201100000000000000000000000000000000000000000000000000000000000000000000       
1040001300043T 060000000838500000000   1400000000000154531               30072011000000000018576000015760                         090000000000000000                                                  000000000000161020101                     
1040001300044U 06000000000000000000000000003344000000000000000000000000000000000000000015232000000000015232000000000000000000000000000000290720110108201100000108201100000000000000000000000000000000000000000000000000000000000000000000       
1040001300045T 060000000838500000000   1400000000000158601               10082011000000000018576000015210                         090000000000000000                                                  000000000000161020101                     
1040001300046U 06000000000000000000000000003344000000000000000000000000000000000000000015232000000000015232000000000000000000000000000000290720110108201100000108201100000000000000000000000000000000000000000000000000000000000000000000       
1040001300047T 060000000838500000000   1400000000000178471               30072011000000000020500000031200                         090000000000000000                                                  000000000000161020101                     
1040001300048U 06000000000000000000000000004715000000000000000000000000000000000000000015785000000000015785000000000000000000000000000000290720110108201100000108201100000000000000000000000000000000000000000000000000000000000000000000       
1040001300049T 060000000838500000000   1400000000000178981               30072011000000000020500000000270                         090000000000000000                                                  000000000000161020101                     
1040001300050U 06000000000000000000000000004715000000000000000000000000000000000000000015785000000000015785000000000000000000000000000000290720110108201100000108201100000000000000000000000000000000000000000000000000000000000000000000       
1040001300051T 060000000838500000000   1400000000000195801               10082011000000000020500000015210                         090000000000000000                                                  000000000000161020101                     
1040001300052U 06000000000000000000000000004715000000000000000000000000000000000000000015785000000000015785000000000000000000000000000000290720110108201100000108201100000000000000000000000000000000000000000000000000000000000000000000       
1040001300053T 060000000838500000000   1400000000000253271               30072011000000000018576000015760                         090000000000000000                                                  000000000000161020101                     
1040001300054U 06000000000000000000000000002229000000000000000000000000000000000000000016347000000000016347000000000000000000000000000000290720110108201100000108201100000000000000000000000000000000000000000000000000000000000000000000       
1040001300055T 060000000838500000000   1400000000000270601               30072011000000000020500237014180                         090000000000000000                                                  000000000000326040101                     
1040001300056U 06000000000000000000000000004715000000000000000000000000000000000000000015785000000000015785000000000000000000000000000000290720110108201100000108201100000000000000000000000000000000000000000000000000000000000000000000       
1040001300057T 060000000838500000000   1400000000022033111               30062011000000000017820000031200                         090000000000000000                                                  000000000000161020101                     
1040001300058U 06000000000000000000000000000000000000000000000000000000000000000000000017820000000000017820000000000000000000000000000000290720110108201100000108201100000000000000000000000000000000000000000000000000000000000000000000       
1040001300059T 060000000838500000000   1400000000022280801               31072011000000000019246000015210                         090000000000000000                                                  000000000000161020101                     
1040001300060U 06000000000000000000000000002887000000000000000000000000000000000000000016359000000000016359000000000000000000000000000000290720110108201100000108201100000000000000000000000000000000000000000000000000000000000000000000       
1040001300061T 060000000838500000000   1400000000022349851               30072011000000000018576000015760                         090000000000000000                                                  000000000000161020101                     
1040001300062U 06000000000000000000000000000929000000000000000000000000000000000000000017647000000000017647000000000000000000000000000000290720110108201100000108201100000000000000000000000000000000000000000000000000000000000000000000       
1040001300063T 060000000838500000000   1400000000022947671               31072011000000000017820000000270                         090000000000000000                                                  000000000000161020101                     
1040001300064U 06000000000000000000000000002673000000000000000000000000000000000000000015147000000000015147000000000000000000000000000000290720110108201100000108201100000000000000000000000000000000000000000000000000000000000000000000       
1040001300065T 060000000838500000000   1400000000023019761               31072011000000000018576000015760                         090000000000000000                                                  000000000000161020101                     
1040001300066U 06000000000000000000000000001486000000000000000000000000000000000000000017090000000000017090000000000000000000000000000000290720110108201100000108201100000000000000000000000000000000000000000000000000000000000000000000       
1040001300067T 060000000838500000000   1400000000023489131               31072011000000000019900000015760                         090000000000000000                                                  000000000000161020101                     
1040001300068U 06000000000000000000000000002985000000000000000000000000000000000000000016915000000000016915000000000000000000000000000000290720110108201100000108201100000000000000000000000000000000000000000000000000000000000000000000       
1040001300069T 060000000838500000000   1400000000023629831               31072011000000000022140000006710                         090000000000000000                                                  000000000000161020101                     
1040001300070U 06000000000000000000000000001771000000000000000000000000000000000000000020369000000000020369000000000000000000000000000000290720110108201100000108201100000000000000000000000000000000000000000000000000000000000000000000       
1040001300071T 060000000838500000000   1400000000025024831               31072011000000000019900000017390                         090000000000000000                                                  000000000000161020101                     
1040001300072U 06000000000000000000000000002985000000000000000000000000000000000000000016915000000000016915000000000000000000000000000000290720110108201100000108201100000000000000000000000000000000000000000000000000000000000000000000       
1040001300073T 060000000838500000000   240000000000006010100000000000000030072011000000000020500000006710000000000000000          090000000000000000                                                  000000000000161020101                     
1040001300074U 06000000000000000000000000001640000000000000000000000000000000000000000018860000000000018860000000000000000000000000000000290720110108201100000108201100000000000000000000000000000000000000000000000000000000000000000000       
1040001300075T 060000000838500000000   240000000000021524100000000000000030072011000000000020500000000270000000000000000          090000000000000000                                                  000000000000161020101                     
1040001300076U 06000000000000000000000000004715000000000000000000000000000000000000000015785000000000015785000000000000000000000000000000290720110108201100000108201100000000000000000000000000000000000000000000000000000000000000000000       
1040001300077T 060000000838500000000   240000000000027549100000000000000030072011000000000018576000015210000000000000000          090000000000000000                                                  000000000000161020101                     
1040001300078U 06000000000000000000000000002229000000000000000000000000000000000000000016347000000000016347000000000000000000000000000000290720110108201100000108201100000000000000000000000000000000000000000000000000000000000000000000       
1040001300079T 060000000838500000000   1400000000000151601               20072011000000000018576000017390                         090000000000000000                                                  000000000000161020101                     
1040001300080U 06000000000000921000000000000000000000000000000000000000000000000000000019497000000000019497000000000000000000000000000000290720110108201100000108201100000000000000000000000000000000000000000000000000000000000000000000       
1040001300081T 060000000838500000000   1400000000000152671               30072011000000000018576000015210                         090000000000000000                                                  000000000000161020101                     
1040001300082U 06000000000000000000000000003344000000000000000000000000000000000000000015232000000000015232000000000000000000000000000000290720110108201100000108201100000000000000000000000000000000000000000000000000000000000000000000       
1040001300083T 280000000838500000000                     0               00000000000000000000000000000000                         000000000000000000                                                  0000000000004680000000000                 
1040001300084U 280000000000000000000000000000000000000000000000000000000000000000000000000000000000000000000000000000000000000000000000002907201100000000000029072011000000000000000                              000                           
10400015         00008600000000000000000000000000000000000000000000000000000000000000000000000000000000000000000000                                                                                                                             
10499999         000001000088                                                                                                                                                                                                                   
