10400000         2023354550001930000000000000000000001521008385000000000CENTRO DE FORMACAO DE ENFERMAGC ECON FEDERAL                          20108201102071600053904000000                    RETORNO-PRODUCAO                  000            
10400011T0100030 20023354550001930000000000000000000001521008385000000000CENTRO DE FORMACAO DE ENFERMAG                                                                                00000539010820110000000000                          00   
1040001300001T 060000000838500000000   1400000000021982101               31072011000000000020500237004080                         090000000000000000                                                  000000000000326040101                     
1040001300002U 06000000000000000000000000001640000000000000000000000000000000000000000018860000000000018860000000000000000000000000000000010820110208201100000208201100000000000000000000000000000000000000000000000000000000000000000000       
1040001300003T 060000000838500000000   1400000000022161891               31072011000000000018500000015210                         090000000000000000                                                  000000000000161020101                     
1040001300004U 06000000000000000000000000001480000000000000000000000000000000000000000017020000000000017020000000000000000000000000000000010820110208201100000208201100000000000000000000000000000000000000000000000000000000000000000000       
1040001300005T 060000000838500000000   1400000000022089411               30072011000000000018576000015760                         090000000000000000                                                  000000000000161020101                     
1040001300006U 06000000000000000000000000001486000000000000000000000000000000000000000017090000000000017090000000000000000000000000000000010820110208201100000208201100000000000000000000000000000000000000000000000000000000000000000000       
1040001300007T 060000000838500000000   1400000000022029271               30072011000000000017820000015210                         090000000000000000                                                  000000000000161020101                     
1040001300008U 06000000000000000000000000002673000000000000000000000000000000000000000015147000000000015147000000000000000000000000000000010820110208201100000208201100000000000000000000000000000000000000000000000000000000000000000000       
1040001300009T 060000000838500000000   1400000000022624581               20072011000000000018576000015210                         090000000000000000                                                  000000000000161020101                     
1040001300010U 06000000000001103000000000000000000000000000000000000000000000000000000019679000000000019679000000000000000000000000000000010820110208201100000208201100000000000000000000000000000000000000000000000000000000000000000000       
1040001300011T 060000000838500000000   1400000000022515961               10082011000000000018500001018780                         090000000000000000                                                  000000000000326040101                     
1040001300012U 06000000000000000000000000002775000000000000000000000000000000000000000015725000000000015725000000000000000000000000000000010820110208201100000208201100000000000000000000000000000000000000000000000000000000000000000000       
1040001300013T 060000000838500000000   1400000000022932211               31072011000000000017820000031200                         090000000000000000                                                  000000000000161020101                     
1040001300014U 06000000000000000000000000001426000000000000000000000000000000000000000016394000000000016394000000000000000000000000000000010820110208201100000208201100000000000000000000000000000000000000000000000000000000000000000000       
1040001300015T 060000000838500000000   1400000000022952321               31072011000000000017820000017390                         090000000000000000                                                  000000000000161020101                     
1040001300016U 06000000000000000000000000001426000000000000000000000000000000000000000016394000000000016394000000000000000000000000000000010820110208201100000208201100000000000000000000000000000000000000000000000000000000000000000000       
1040001300017T 060000000838500000000   1400000000023469021               31072011000000000019900000021510                         090000000000000000                                                  000000000000161020101                     
1040001300018U 06000000000000000000000000002985000000000000000000000000000000000000000016915000000000016915000000000000000000000000000000010820110208201100000208201100000000000000000000000000000000000000000000000000000000000000000000       
1040001300019T 060000000838500000000   1400000000023475181               10082011000000000019900000016490                         090000000000000000                                                  000000000000161020101                     
1040001300020U 06000000000000000000000000002985000000000000000000000000000000000000000016915000000000016915000000000000000000000000000000010820110208201100000208201100000000000000000000000000000000000000000000000000000000000000000000       
1040001300021T 060000000838500000000   1400000000023492191               31072011000000000019900000007670                         090000000000000000                                                  000000000000161020101                     
1040001300022U 06000000000000000000000000002985000000000000000000000000000000000000000016915000000000016915000000000000000000000000000000010820110208201100000208201100000000000000000000000000000000000000000000000000000000000000000000       
1040001300023T 060000000838500000000   1400000000000198401               10082011000000000020500000016490                         090000000000000000                                                  000000000000161020101                     
1040001300024U 06000000000000000000000000004715000000000000000000000000000000000000000015785000000000015785000000000000000000000000000000010820110208201100000208201100000000000000000000000000000000000000000000000000000000000000000000       
1040001300025T 060000000838500000000   1400000000023587141               10082011000000000020062000000270                         090000000000000000                                                  000000000000161020101                     
1040001300026U 06000000000000000000000000001605000000000000000000000000000000000000000018457000000000018457000000000000000000000000000000010820110208201100000208201100000000000000000000000000000000000000000000000000000000000000000000       
1040001300027T 060000000838500000000   1400000000000208051               30072011000000000020500001023140                         090000000000000000                                                  000000000000326040101                     
1040001300028U 06000000000000000000000000003485000000000000000000000000000000000000000017015000000000017015000000000000000000000000000000010820110208201100000208201100000000000000000000000000000000000000000000000000000000000000000000       
1040001300029T 060000000838500000000   1400000000023618801               31072011000000000026140000015210                         090000000000000000                                                  000000000000161020101                     
1040001300030U 06000000000000000000000000002091000000000000000000000000000000000000000024049000000000024049000000000000000000000000000000010820110208201100000208201100000000000000000000000000000000000000000000000000000000000000000000       
1040001300031T 060000000838500000000   240000000000030833100000000000000030072011000000000020500000016490000000000000000          090000000000000000                                                  000000000000161020101                     
1040001300032U 06000000000000000000000000004715000000000000000000000000000000000000000015785000000000015785000000000000000000000000000000010820110208201100000208201100000000000000000000000000000000000000000000000000000000000000000000       
1040001300033T 060000000838500000000   1400000000025040951               31072011000000000019900000014130                         090000000000000000                                                  000000000000161020101                     
1040001300034U 06000000000000000000000000002985000000000000000000000000000000000000000016915000000000016915000000000000000000000000000000010820110208201100000208201100000000000000000000000000000000000000000000000000000000000000000000       
1040001300035T 060000000838500000000   240000000000065955100000000000000030072011000000000020500001016120000000000000000          090000000000000000                                                  000000000000326040101                     
1040001300036U 06000000000000000000000000001640000000000000000000000000000000000000000018860000000000018860000000000000000000000000000000010820110208201100000208201100000000000000000000000000000000000000000000000000000000000000000000       
1040001300037T 060000000838500000000   240000000000008889100000000000000030072011000000000018576001043230000000000000000          090000000000000000                                                  000000000000326040101                     
1040001300038U 06000000000000000000000000003344000000000000000000000000000000000000000015232000000000015232000000000000000000000000000000010820110208201100000208201100000000000000000000000000000000000000000000000000000000000000000000       
1040001300039T 060000000838500000000   240000000000066200100000000000000030072011000000000018576000031200000000000000000          090000000000000000                                                  000000000000161020101                     
1040001300040U 06000000000000000000000000003344000000000000000000000000000000000000000015232000000000015232000000000000000000000000000000010820110208201100000208201100000000000000000000000000000000000000000000000000000000000000000000       
1040001300041T 060000000838500000000   240000000000067451100000000000000030072011000000000020500000014130000000000000000          090000000000000000                                                  000000000000161020101                     
1040001300042U 06000000000000000000000000004715000000000000000000000000000000000000000015785000000000015785000000000000000000000000000000010820110208201100000208201100000000000000000000000000000000000000000000000000000000000000000000       
1040001300043T 060000000838500000000   240000000000035860100000000000000030062011000000000020500000000270000000000000000          090000000000000000                                                  000000000000161020101                     
1040001300044U 06000000000002450000000000000000000000000000000000000000000000000000000022950000000000022950000000000000000000000000000000010820110208201100000208201100000000000000000000000000000000000000000000000000000000000000000000       
1040001300045T 060000000838500000000  9000000000000007493100000000000000020072011000000000017820000006710000000000000000          090000000000000000                                                  000000000000161020101                     
1040001300046U 06000000000001064000000000000000000000000000000000000000000000000000000018884000000000018884000000000000000000000000000000010820110208201100000208201100000000000000000000000000000000000000000000000000000000000000000000       
1040001300047T 060000000838500000000  9000000000000012500100000000000000030072011000000000018576000015760000000000000000          090000000000000000                                                  000000000000161020101                     
1040001300048U 06000000000000000000000000003344000000000000000000000000000000000000000015232000000000015232000000000000000000000000000000010820110208201100000208201100000000000000000000000000000000000000000000000000000000000000000000       
1040001300049T 060000000838500000000   240000000000041061100000000000000030072011000000000018576000039580000000000000000          090000000000000000                                                  000000000000161020101                     
1040001300050U 06000000000000000000000000001486000000000000000000000000000000000000000017090000000000017090000000000000000000000000000000010820110208201100000208201100000000000000000000000000000000000000000000000000000000000000000000       
1040001300051T 060000000838500000000  9000000000000012489100000000000000030072011000000000018576000015760000000000000000          090000000000000000                                                  000000000000161020101                     
1040001300052U 06000000000000000000000000003344000000000000000000000000000000000000000015232000000000015232000000000000000000000000000000010820110208201100000208201100000000000000000000000000000000000000000000000000000000000000000000       
1040001300053T 060000000838500000000  9000000000000014058100000000000000030072011000000000018576000017390000000000000000          090000000000000000                                                  000000000000161020101                     
1040001300054U 06000000000000000000000000003344000000000000000000000000000000000000000015232000000000015232000000000000000000000000000000010820110208201100000208201100000000000000000000000000000000000000000000000000000000000000000000       
1040001300055T 060000000838500000000   240000000000043021100000000000000030062011000000000018576000014130000000000000000          090000000000000000                                                  000000000000161020101                     
1040001300056U 06000000000002202000000000000000000000000000000000000000000000000000000020778000000000020778000000000000000000000000000000010820110208201100000208201100000000000000000000000000000000000000000000000000000000000000000000       
1040001300057T 060000000838500000000   240000000000048473100000000000000020102011000000000002500001044430000000000000000          090000000000000000                                                  000000000000326040101                     
1040001300058U 06000000000000000000000000000000000000000000000000000000000000000000000002500000000000002500000000000000000000000000000000010820110208201100000208201100000000000000000000000000000000000000000000000000000000000000000000       
1040001300059T 060000000838500000000   240000000000052110100000000000000030072011000000000018576000016490000000000000000          090000000000000000                                                  000000000000161020101                     
1040001300060U 06000000000000000000000000002229000000000000000000000000000000000000000016347000000000016347000000000000000000000000000000010820110208201100000208201100000000000000000000000000000000000000000000000000000000000000000000       
1040001300061T 060000000838500000000   240000000000031910100000000000000020082011000000000020500001044430000000000000000          090000000000000000                                                  000000000000326040101                     
1040001300062U 06000000000000000000000000004715000000000000000000000000000000000000000015785000000000015785000000000000000000000000000000010820110208201100000208201100000000000000000000000000000000000000000000000000000000000000000000       
1040001300063T 060000000838500000000   240000000000048465100000000000000020082011000000000002500001044430000000000000000          090000000000000000                                                  000000000000326040101                     
1040001300064U 06000000000000000000000000000000000000000000000000000000000000000000000002500000000000002500000000000000000000000000000000010820110208201100000208201100000000000000000000000000000000000000000000000000000000000000000000       
1040001300065T 060000000838500000000   1400000000025049311               31072011000000000019900000015210                         090000000000000000                                                  000000000000161020101                     
1040001300066U 06000000000000000000000000002985000000000000000000000000000000000000000016915000000000016915000000000000000000000000000000010820110208201100000208201100000000000000000000000000000000000000000000000000000000000000000000       
1040001300067T 060000000838500000000   240000000000032739100000000000000030072011000000000017820000000270000000000000000          090000000000000000                                                  000000000000161020101                     
1040001300068U 06000000000000000000000000002673000000000000000000000000000000000000000015147000000000015147000000000000000000000000000000010820110208201100000208201100000000000000000000000000000000000000000000000000000000000000000000       
1040001300069T 060000000838500000000   240000000000031635100000000000000030072011000000000020500237021210000000000000000          090000000000000000                                                  000000000000326040101                     
1040001300070U 06000000000000000000000000004715000000000000000000000000000000000000000015785000000000015785000000000000000000000000000000010820110208201100000208201100000000000000000000000000000000000000000000000000000000000000000000       
1040001300071T 060000000838500000000   240000000000045032100000000000000030072011000000000018576000015210000000000000000          090000000000000000                                                  000000000000161020101                     
1040001300072U 06000000000000000000000000002229000000000000000000000000000000000000000016347000000000016347000000000000000000000000000000010820110208201100000208201100000000000000000000000000000000000000000000000000000000000000000000       
1040001300073T 060000000838500000000   1400000000025023781               31072011000000000019900000015760                         090000000000000000                                                  000000000000161020101                     
1040001300074U 06000000000000000000000000002985000000000000000000000000000000000000000016915000000000016915000000000000000000000000000000010820110208201100000208201100000000000000000000000000000000000000000000000000000000000000000000       
1040001300075T 060000000838500000000   240000000000034278100000000000000010082011000000000015000000015760000000000000000          090000000000000000                                                  000000000000149060101                     
1040001300076U 06000000000000000000000000001200000000000000000000000000000000000000000013800000000000013800000000000000000000000000000000010820110208201100000208201100000000000000000000000000000000000000000000000000000000000000000000       
1040001300077T 060000000838500000000   240000000000035410100000000000000030072011000000000015000000015760000000000000000          090000000000000000                                                  000000000000161020101                     
1040001300078U 06000000000000000000000000001200000000000000000000000000000000000000000013800000000000013800000000000000000000000000000000010820110208201100000208201100000000000000000000000000000000000000000000000000000000000000000000       
1040001300079T 060000000838500000000   240000000000059238100000000000000010082011000000000020500237013190000000000000000          090000000000000000                                                  000000000000326040101                     
1040001300080U 06000000000000000000000000003485000000000000000000000000000000000000000017015000000000017015000000000000000000000000000000010820110208201100000208201100000000000000000000000000000000000000000000000000000000000000000000       
1040001300081T 060000000838500000000   1400000000023628781               31072011000000000022140000014050                         090000000000000000                                                  000000000000161020101                     
1040001300082U 06000000000000000000000000001771000000000000000000000000000000000000000020369000000000020369000000000000000000000000000000010820110208201100000208201100000000000000000000000000000000000000000000000000000000000000000000       
1040001300083T 060000000838500000000   240000000000036815100000000000000030072011000000000018576237013190000000000000000          090000000000000000                                                  000000000000326040101                     
1040001300084U 06000000000000000000000000001486000000000000000000000000000000000000000017090000000000017090000000000000000000000000000000010820110208201100000208201100000000000000000000000000000000000000000000000000000000000000000000       
1040001300085T 060000000838500000000   1400000000024155721               31072011000000000022140001018780                         090000000000000000                                                  000000000000326040101                     
1040001300086U 06000000000000000000000000001771000000000000000000000000000000000000000020369000000000020369000000000000000000000000000000010820110208201100000208201100000000000000000000000000000000000000000000000000000000000000000000       
1040001300087T 060000000838500000000   240000000000061020100000000000000030072011000000000018576000015760000000000000000          090000000000000000                                                  000000000000161020101                     
1040001300088U 06000000000000000000000000001486000000000000000000000000000000000000000017090000000000017090000000000000000000000000000000010820110208201100000208201100000000000000000000000000000000000000000000000000000000000000000000       
1040001300089T 280000000838500000000                     0               00000000000000000000000000000000                         000000000000000000                                                  0000000000005200000000000                 
1040001300090U 280000000000000000000000000000000000000000000000000000000000000000000000000000000000000000000000000000000000000000000000000108201100000000000001082011000000000000000                              000                           
10400015         00009200000000000000000000000000000000000000000000000000000000000000000000000000000000000000000000                                                                                                                             
10499999         000001000094                                                                                                                                                                                                                   
