10400000         2023354550001930000000000000000000001521008385000000000CENTRO DE FORMACAO DE ENFERMAGC ECON FEDERAL                          20208201101260100054004000000                    RETORNO-PRODUCAO                  000            
10400011T0100030 20023354550001930000000000000000000001521008385000000000CENTRO DE FORMACAO DE ENFERMAG                                                                                00000540020820110000000000                          00   
1040001300001T 060000000838500000000   1400000000022295581               10082011000000000017820000015760                         090000000000000000                                                  000000000000161020101                     
1040001300002U 06000000000000000000000000000891000000000000000000000000000000000000000016929000000000016929000000000000000000000000000000020820110308201100000308201100000000000000000000000000000000000000000000000000000000000000000000       
1040001300003T 060000000838500000000   1400000000022286241               10082011000000000019224000016490                         090000000000000000                                                  000000000000161020101                     
1040001300004U 06000000000000000000000000000961000000000000000000000000000000000000000018263000000000018263000000000000000000000000000000020820110308201100000308201100000000000000000000000000000000000000000000000000000000000000000000       
1040001300005T 060000000838500000000   1400000000024433551               31072011000000000018576000015770                         090000000000000000                                                  000000000000161020101                     
1040001300006U 06000000000000000000000000000000000000000000000000000000000000000000000018576000000000018576000000000000000000000000000000020820110308201100000308201100000000000000000000000000000000000000000000000000000000000000000000       
1040001300007T 060000000838500000000   1400000000025085621               31072011000000000019900000015760                         090000000000000000                                                  000000000000161020101                     
1040001300008U 06000000000000134000000000000000000000000000000000000000000000000000000020034000000000020034000000000000000000000000000000020820110308201100000308201100000000000000000000000000000000000000000000000000000000000000000000       
1040001300009T 060000000838500000000   240000000000042831100000000000000010082011000000000018576000015210000000000000000          090000000000000000                                                  000000000000161020101                     
1040001300010U 06000000000000000000000000001486000000000000000000000000000000000000000017090000000000017090000000000000000000000000000000020820110308201100000308201100000000000000000000000000000000000000000000000000000000000000000000       
1040001300011T 060000000838500000000   1400000000024133241               31072011000000000020062000017390                         090000000000000000                                                  000000000000161020101                     
1040001300012U 06000000000000000000000000000000000000000000000000000000000000000000000020062000000000020062000000000000000000000000000000020820110308201100000308201100000000000000000000000000000000000000000000000000000000000000000000       
1040001300013T 060000000838500000000   240000000000037757100000000000000010082011000000000018576000015210000000000000000          090000000000000000                                                  000000000000161020101                     
1040001300014U 06000000000000000000000000003344000000000000000000000000000000000000000015232000000000015232000000000000000000000000000000020820110308201100000308201100000000000000000000000000000000000000000000000000000000000000000000       
1040001300015T 280000000838500000000                     0               00000000000000000000000000000000                         000000000000000000                                                  0000000000001300000000000                 
1040001300016U 280000000000000000000000000000000000000000000000000000000000000000000000000000000000000000000000000000000000000000000000000208201100000000000002082011000000000000000                              000                           
10400015         00001800000000000000000000000000000000000000000000000000000000000000000000000000000000000000000000                                                                                                                             
10499999         000001000020                                                                                                                                                                                                                   
