10400000         2116561060001640000000000000000000001521025052100000000A M A PEREIRA                 C ECON FEDERAL                          21901201101380800001704000000                    RETORNO-PRODUCAO                  000            
10400011T0100030 20116561060001640000000000000000000001521025052100000000A M A PEREIRA                                                                                                 00000017190120110000000000                          00   
1040001300001T 060000002505210000000   1400000000020888141               20012011000000000019224000015760                         090000000000000000                                                  000000000000161020101                     
1040001300002U 06000000000000000000000000000961000000000000000000000000000000000000000018263000000000018263000000000000000000000000000000190120112001201100002001201100000000000000000000000000000000000000000000000000000000000000000000       
1040001300003T 060000002505210000000   1400000000022392351               31012011000000000021276000015760                         090000000000000000                                                  000000000000161020101                     
1040001300004U 06000000000000000000000000001064000000000000000000000000000000000000000020212000000000020212000000000000000000000000000000190120112001201100002001201100000000000000000000000000000000000000000000000000000000000000000000       
1040001300005T 060000002505210000000   1400000000022819401               20012011000000000018500000015760                         090000000000000000                                                  000000000000161020101                     
1040001300006U 06000000000000000000000000002775000000000000000000000000000000000000000015725000000000015725000000000000000000000000000000190120112001201100002001201100000000000000000000000000000000000000000000000000000000000000000000       
1040001300007T 060000002505210000000   249000000000000041100000000000000019012011000000000000100000015210000000000000000          090000000000000000                                                  000000000000161020101                     
1040001300008U 06000000000000000000000000000000000000000000000000000000000000000000000000100000000000000100000000000000000000000000000000190120112001201100002001201100000000000000000000000000000000000000000000000000000000000000000000       
1040001300009T 280000002505210000000                     0               00000000000000000000000000000000                         000000000000000000                                                  0000000000000780000000000                 
1040001300010U 280000000000000000000000000000000000000000000000000000000000000000000000000000000000000000000000000000000000000000000000001901201100000000000019012011000000000000000                              000                           
10400015         00001200000000000000000000000000000000000000000000000000000000000000000000000000000000000000000000                                                                                                                             
10499999         000001000014                                                                                                                                                                                                                   
