10400000         2023354550001930000000000000000000001521008385000000000CENTRO DE FORMACAO DE ENFERMAGC ECON FEDERAL                          20308201101261500054104000000                    RETORNO-PRODUCAO                  000            
10400011T0100030 20023354550001930000000000000000000001521008385000000000CENTRO DE FORMACAO DE ENFERMAG                                                                                00000541030820110000000000                          00   
1040001300001T 060000000838500000000   1400000000000202951               20082011000000000020500000017390                         090000000000000000                                                  000000000000320030100                     
1040001300002U 06000000000000000000000000004715000000000000000000000000000000000000000015785000000000015785000000000000000000000000000000030820110308201100000308201100000000000000000000000000000000000000000000000000000000000000000000       
1040001300003T 060000000838500000000  9000000000000014392100000000000000030072011000000000018576000015210000000000000000          090000000000000000                                                  000000000000161020101                     
1040001300004U 06000000000000616000000000000000000000000000000000000000000000000000000019192000000000019192000000000000000000000000000000030820110408201100000408201100000000000000000000000000000000000000000000000000000000000000000000       
1040001300005T 060000000838500000000   1400000000021979151               30072011000000000020500000017390                         090000000000000000                                                  000000000000161020101                     
1040001300006U 06000000000000682000000000000000000000000000000000000000000000000000000021182000000000021182000000000000000000000000000000030820110408201100000408201100000000000000000000000000000000000000000000000000000000000000000000       
1040001300007T 060000000838500000000   1400000000022967271               10082011000000000018576237004080                         090000000000000000                                                  000000000000326040101                     
1040001300008U 06000000000000000000000000001486000000000000000000000000000000000000000017090000000000017090000000000000000000000000000000030820110408201100000408201100000000000000000000000000000000000000000000000000000000000000000000       
1040001300009T 060000000838500000000   1400000000023510351               10082011000000000019900000014130                         090000000000000000                                                  000000000000161020101                     
1040001300010U 06000000000000000000000000001592000000000000000000000000000000000000000018308000000000018308000000000000000000000000000000030820110408201100000408201100000000000000000000000000000000000000000000000000000000000000000000       
1040001300011T 060000000838500000000   1400000000022931321               31072011000000000017820000020630                         090000000000000000                                                  000000000000161020101                     
1040001300012U 06000000000000733000000000000000000000000000000000000000000000000000000018553000000000018553000000000000000000000000000000030820110408201100000408201100000000000000000000000000000000000000000000000000000000000000000000       
1040001300013T 060000000838500000000   1400000000025026021               10082011000000000019900000039580                         090000000000000000                                                  000000000000161020101                     
1040001300014U 06000000000000000000000000002985000000000000000000000000000000000000000016915000000000016915000000000000000000000000000000030820110408201100000408201100000000000000000000000000000000000000000000000000000000000000000000       
1040001300015T 060000000838500000000   1400000000023521551               10082011000000000019900000017390                         090000000000000000                                                  000000000000161020101                     
1040001300016U 06000000000000000000000000001592000000000000000000000000000000000000000018308000000000018308000000000000000000000000000000030820110408201100000408201100000000000000000000000000000000000000000000000000000000000000000000       
1040001300017T 060000000838500000000   1400000000022340471               10082011000000000018576000017390                         090000000000000000                                                  000000000000161020101                     
1040001300018U 06000000000000000000000000000929000000000000000000000000000000000000000017647000000000017647000000000000000000000000000000030820110408201100000408201100000000000000000000000000000000000000000000000000000000000000000000       
1040001300019T 280000000838500000000                     0               00000000000000000000000000000000                         000000000000000000                                                  0000000000002080000000000                 
1040001300020U 280000000000000000000000000000000000000000000000000000000000000000000000000000000000000000000000000000000000000000000000000308201100000000000003082011000000000000000                              000                           
10400015         00002200000000000000000000000000000000000000000000000000000000000000000000000000000000000000000000                                                                                                                             
10499999         000001000024                                                                                                                                                                                                                   
