10400000         2023354550001930000000000000000000001521008385000000000CENTRO DE FORMACAO DE ENFERMAGC ECON FEDERAL                          20408201101283100054204000000                    RETORNO-PRODUCAO                  000            
10400011T0100030 20023354550001930000000000000000000001521008385000000000CENTRO DE FORMACAO DE ENFERMAG                                                                                00000542040820110000000000                          00   
1040001300001T 060000000838500000000   1400000000023568271               10082011000000000017820000006710                         090000000000000000                                                  000000000000320030100                     
1040001300002U 06000000000000000000000000000891000000000000000000000000000000000000000016929000000000016929000000000000000000000000000000040820110408201100000408201100000000000000000000000000000000000000000000000000000000000000000000       
1040001300003T 060000000838500000000   1400000000023025491               20082011000000000018576000013070                         090000000000000000                                                  000000000000161020101                     
1040001300004U 06000000000000000000000000001486000000000000000000000000000000000000000017090000000000017090000000000000000000000000000000040820110508201100000508201100000000000000000000000000000000000000000000000000000000000000000000       
1040001300005T 060000000838500000000   1400000000022943171               31072011000000000017820000017390                         090000000000000000                                                  000000000000161020101                     
1040001300006U 06000000000000000000000000000000000000000000000000000000000000000000000017820000000000017820000000000000000000000000000000040820110508201100000508201100000000000000000000000000000000000000000000000000000000000000000000       
1040001300007T 060000000838500000000   1400000000022944061               31072011000000000018576000016490                         090000000000000000                                                  000000000000161020101                     
1040001300008U 06000000000000244000000000000000000000000000000000000000000000000000000018820000000000018820000000000000000000000000000000040820110508201100000508201100000000000000000000000000000000000000000000000000000000000000000000       
1040001300009T 060000000838500000000   1400000000023569241               10082011000000000022140000017390                         090000000000000000                                                  000000000000161020101                     
1040001300010U 06000000000000000000000000001771000000000000000000000000000000000000000020369000000000020369000000000000000000000000000000040820110508201100000508201100000000000000000000000000000000000000000000000000000000000000000000       
1040001300011T 280000000838500000000                     0               00000000000000000000000000000000                         000000000000000000                                                  0000000000001300000000000                 
1040001300012U 280000000000000000000000000000000000000000000000000000000000000000000000000000000000000000000000000000000000000000000000000408201100000000000004082011000000000000000                              000                           
10400015         00001400000000000000000000000000000000000000000000000000000000000000000000000000000000000000000000                                                                                                                             
10499999         000001000016                                                                                                                                                                                                                   
