10400000         2023354550001930000000000000000000001521008385000000000CENTRO DE FORMACAO DE ENFERMAGC ECON FEDERAL                          20508201101361000054304000000                    RETORNO-PRODUCAO                  000            
10400011T0100030 20023354550001930000000000000000000001521008385000000000CENTRO DE FORMACAO DE ENFERMAG                                                                                00000543050820110000000000                          00   
1040001300001T 060000000838500000000   1400000000022299651               20082011000000000017820000013070                         090000000000000000                                                  000000000000161020101                     
1040001300002U 06000000000000000000000000000891000000000000000000000000000000000000000016929000000000016929000000000000000000000000000000050820110808201100000808201100000000000000000000000000000000000000000000000000000000000000000000       
1040001300003T 060000000838500000000   240000000000059734100000000000000030072011000000000018576000015760000000000000000          090000000000000000                                                  000000000000161020101                     
1040001300004U 06000000000000738000000000000000000000000000000000000000000000000000000019314000000000019314000000000000000000000000000000050820110808201100000808201100000000000000000000000000000000000000000000000000000000000000000000       
1040001300005T 060000000838500000000   240000000000054872100000000000000030112011000000000002500000015210000000000000000          090000000000000000                                                  000000000000161020101                     
1040001300006U 06000000000000000000000000000000000000000000000000000000000000000000000002500000000000002500000000000000000000000000000000050820110808201100000808201100000000000000000000000000000000000000000000000000000000000000000000       
1040001300007T 060000000838500000000   240000000000068776100000000000000010082011000000000020500000016490000000000000000          090000000000000000                                                  000000000000161020101                     
1040001300008U 06000000000000000000000000004715000000000000000000000000000000000000000015785000000000015785000000000000000000000000000000050820110808201100000808201100000000000000000000000000000000000000000000000000000000000000000000       
1040001300009T 060000000838500000000   240000000000062069100000000000000020082011000000000018576000015770000000000000000          090000000000000000                                                  000000000000161020101                     
1040001300010U 06000000000000000000000000001486000000000000000000000000000000000000000017090000000000017090000000000000000000000000000000050820110808201100000808201100000000000000000000000000000000000000000000000000000000000000000000       
1040001300011T 060000000838500000000   240000000000035746100000000000000030082011000000000020500000015210000000000000000          090000000000000000                                                  000000000000161020101                     
1040001300012U 06000000000000000000000000001640000000000000000000000000000000000000000018860000000000018860000000000000000000000000000000050820110808201100000808201100000000000000000000000000000000000000000000000000000000000000000000       
1040001300013T 060000000838500000000   1400000000023480261               20082011000000000019900000015210                         090000000000000000                                                  000000000000161020101                     
1040001300014U 06000000000000000000000000002985000000000000000000000000000000000000000016915000000000016915000000000000000000000000000000050820110808201100000808201100000000000000000000000000000000000000000000000000000000000000000000       
1040001300015T 060000000838500000000   1400000000025020501               10082011000000000019900001000220                         090000000000000000                                                  000000000000326040101                     
1040001300016U 06000000000000000000000000001592000000000000000000000000000000000000000018308000000000018308000000000000000000000000000000050820110808201100000808201100000000000000000000000000000000000000000000000000000000000000000000       
1040001300017T 060000000838500000000   1400000000000165651               10082011000000000020500000007680                         090000000000000000                                                  000000000000161020101                     
1040001300018U 06000000000000000000000000004715000000000000000000000000000000000000000015785000000000015785000000000000000000000000000000050820110808201100000808201100000000000000000000000000000000000000000000000000000000000000000000       
1040001300019T 060000000838500000000   1400000000023493241               10082011000000000019900001000200                         090000000000000000                                                  000000000000326040101                     
1040001300020U 06000000000000000000000000002985000000000000000000000000000000000000000016915000000000016915000000000000000000000000000000050820110808201100000808201100000000000000000000000000000000000000000000000000000000000000000000       
1040001300021T 060000000838500000000   1400000000022271801               10082011000000000019224000014130                         090000000000000000                                                  000000000000161020101                     
1040001300022U 06000000000000000000000000000961000000000000000000000000000000000000000018263000000000018263000000000000000000000000000000050820110808201100000808201100000000000000000000000000000000000000000000000000000000000000000000       
1040001300023T 060000000838500000000   1400000000023625501               10082011000000000022140000015760                         090000000000000000                                                  000000000000161020101                     
1040001300024U 06000000000000000000000000001771000000000000000000000000000000000000000020369000000000020369000000000000000000000000000000050820110808201100000808201100000000000000000000000000000000000000000000000000000000000000000000       
1040001300025T 280000000838500000000                     0               00000000000000000000000000000000                         000000000000000000                                                  0000000000001820000000000                 
1040001300026U 280000000000000000000000000000000000000000000000000000000000000000000000000000000000000000000000000000000000000000000000000508201100000000000005082011000000000000000                              000                           
10400015         00002800000000000000000000000000000000000000000000000000000000000000000000000000000000000000000000                                                                                                                             
10499999         000001000030                                                                                                                                                                                                                   
