10400000         2023354550001930000000000000000000001521008385000000000CENTRO DE FORMACAO DE ENFERMAGC ECON FEDERAL                          20808201102124100054404000000                    RETORNO-PRODUCAO                  000            
10400011T0100030 20023354550001930000000000000000000001521008385000000000CENTRO DE FORMACAO DE ENFERMAG                                                                                00000544080820110000000000                          00   
1040001300001T 060000000838500000000   1400000000000147751               10082011000000000018576001029530                         090000000000000000                                                  000000000000326040101                     
1040001300002U 06000000000000000000000000002229000000000000000000000000000000000000000016347000000000016347000000000000000000000000000000080820110908201100000908201100000000000000000000000000000000000000000000000000000000000000000000       
1040001300003T 060000000838500000000   1400000000000165901               20072011000000000020500000031200                         090000000000000000                                                  000000000000161020101                     
1040001300004U 06000000000001702000000000000000000000000000000000000000000000000000000022202000000000022202000000000000000000000000000000080820110908201100000908201100000000000000000000000000000000000000000000000000000000000000000000       
1040001300005T 060000000838500000000   1400000000022240411               20082011000000000020062000015760                         090000000000000000                                                  000000000000161020101                     
1040001300006U 06000000000000000000000000001605000000000000000000000000000000000000000018457000000000018457000000000000000000000000000000080820110908201100000908201100000000000000000000000000000000000000000000000000000000000000000000       
1040001300007T 060000000838500000000   1400000000022339461               20082011000000000018576000000270                         090000000000000000                                                  000000000000161020101                     
1040001300008U 06000000000000000000000000000929000000000000000000000000000000000000000017647000000000017647000000000000000000000000000000080820110908201100000908201100000000000000000000000000000000000000000000000000000000000000000000       
1040001300009T 060000000838500000000   1400000000022933291               10082011000000000018576000013070                         090000000000000000                                                  000000000000161020101                     
1040001300010U 06000000000000000000000000002229000000000000000000000000000000000000000016347000000000016347000000000000000000000000000000080820110908201100000908201100000000000000000000000000000000000000000000000000000000000000000000       
1040001300011T 060000000838500000000   1400000000023505941               10082011000000000019900000015210                         090000000000000000                                                  000000000000161020101                     
1040001300012U 06000000000000000000000000001592000000000000000000000000000000000000000018308000000000018308000000000000000000000000000000080820110908201100000908201100000000000000000000000000000000000000000000000000000000000000000000       
1040001300013T 060000000838500000000   1400000000023514851               10082011000000000019900000015210                         090000000000000000                                                  000000000000161020101                     
1040001300014U 06000000000000000000000000001592000000000000000000000000000000000000000018308000000000018308000000000000000000000000000000080820110908201100000908201100000000000000000000000000000000000000000000000000000000000000000000       
1040001300015T 060000000838500000000   1400000000023593891               31082011000000000020062000000270                         090000000000000000                                                  000000000000161020101                     
1040001300016U 06000000000000000000000000001605000000000000000000000000000000000000000018457000000000018457000000000000000000000000000000080820110908201100000908201100000000000000000000000000000000000000000000000000000000000000000000       
1040001300017T 060000000838500000000   1400000000024108211               10082011000000000019246001016130                         090000000000000000                                                  000000000000326040101                     
1040001300018U 06000000000000000000000000001540000000000000000000000000000000000000000017706000000000017706000000000000000000000000000000080820110908201100000908201100000000000000000000000000000000000000000000000000000000000000000000       
1040001300019T 060000000838500000000   1400000000024111511               10082011000000000019246001029530                         090000000000000000                                                  000000000000326040101                     
1040001300020U 06000000000000000000000000001540000000000000000000000000000000000000000017706000000000017706000000000000000000000000000000080820110908201100000908201100000000000000000000000000000000000000000000000000000000000000000000       
1040001300021T 060000000838500000000   1400000000025006851               10082011000000000019246000015770                         090000000000000000                                                  000000000000161020101                     
1040001300022U 06000000000000000000000000002887000000000000000000000000000000000000000016359000000000016359000000000000000000000000000000080820110908201100000908201100000000000000000000000000000000000000000000000000000000000000000000       
1040001300023T 060000000838500000000   1400000000025262181               10082011000000000019900237013190                         090000000000000000                                                  000000000000326040101                     
1040001300024U 06000000000000000000000000002985000000000000000000000000000000000000000016915000000000016915000000000000000000000000000000080820110908201100000908201100000000000000000000000000000000000000000000000000000000000000000000       
1040001300025T 060000000838500000000   240000000000032968100000000000000020082011000000000018576000032730000000000000000          090000000000000000                                                  000000000000161020101                     
1040001300026U 06000000000000000000000000003344000000000000000000000000000000000000000015232000000000015232000000000000000000000000000000080820110908201100000908201100000000000000000000000000000000000000000000000000000000000000000000       
1040001300027T 060000000838500000000   240000000000038249100000000000000010082011000000000018576237010240000000000000000          090000000000000000                                                  000000000000326040101                     
1040001300028U 06000000000000000000000000001486000000000000000000000000000000000000000017090000000000017090000000000000000000000000000000080820110908201100000908201100000000000000000000000000000000000000000000000000000000000000000000       
1040001300029T 060000000838500000000   240000000000045806100000000000000010082011000000000002500000015760000000000000000          090000000000000000                                                  000000000000161020101                     
1040001300030U 06000000000000000000000000000000000000000000000000000000000000000000000002500000000000002500000000000000000000000000000000080820110908201100000908201100000000000000000000000000000000000000000000000000000000000000000000       
1040001300031T 060000000838500000000   240000000000045881100000000000000020082011000000000002500000031200000000000000000          090000000000000000                                                  000000000000161020101                     
1040001300032U 06000000000000000000000000000000000000000000000000000000000000000000000002500000000000002500000000000000000000000000000000080820110908201100000908201100000000000000000000000000000000000000000000000000000000000000000000       
1040001300033T 060000000838500000000   240000000000059971100000000000000010082011000000000018576000015760000000000000000          090000000000000000                                                  000000000000161020101                     
1040001300034U 06000000000000000000000000001486000000000000000000000000000000000000000017090000000000017090000000000000000000000000000000080820110908201100000908201100000000000000000000000000000000000000000000000000000000000000000000       
1040001300035T 060000000838500000000   240000000000061364100000000000000010082011000000000018576000000270000000000000000          090000000000000000                                                  000000000000161020101                     
1040001300036U 06000000000000000000000000001486000000000000000000000000000000000000000017090000000000017090000000000000000000000000000000080820110908201100000908201100000000000000000000000000000000000000000000000000000000000000000000       
1040001300037T 060000000838500000000   240000000000062930100000000000000010082011000000000018576000015760000000000000000          090000000000000000                                                  000000000000161020101                     
1040001300038U 06000000000000000000000000001486000000000000000000000000000000000000000017090000000000017090000000000000000000000000000000080820110908201100000908201100000000000000000000000000000000000000000000000000000000000000000000       
1040001300039T 280000000838500000000                     0               00000000000000000000000000000000                         000000000000000000                                                  0000000000003120000000000                 
1040001300040U 280000000000000000000000000000000000000000000000000000000000000000000000000000000000000000000000000000000000000000000000000808201100000000000008082011000000000000000                              000                           
10400015         00004200000000000000000000000000000000000000000000000000000000000000000000000000000000000000000000                                                                                                                             
10499999         000001000044                                                                                                                                                                                                                   
