10400000         2023354550001930000000000000000000001521008385000000000CENTRO DE FORMACAO DE ENFERMAGC ECON FEDERAL                          20908201101281100054504000000                    RETORNO-PRODUCAO                  000            
10400011T0100030 20023354550001930000000000000000000001521008385000000000CENTRO DE FORMACAO DE ENFERMAG                                                                                00000545090820110000000000                          00   
1040001300001T 060000000838500000000   1400000000022333341               20072011000000000018576000015210                         090000000000000000                                                  000000000000161020101                     
1040001300002U 06000000000001591000000000000000000000000000000000000000000000000000000020167000000000020167000000000000000000000000000000090820111008201100001008201100000000000000000000000000000000000000000000000000000000000000000000       
1040001300003T 060000000838500000000   1400000000023520401               20082011000000000019900000015760                         090000000000000000                                                  000000000000161020101                     
1040001300004U 06000000000000000000000000001592000000000000000000000000000000000000000018308000000000018308000000000000000000000000000000090820111008201100001008201100000000000000000000000000000000000000000000000000000000000000000000       
1040001300005T 060000000838500000000   1400000000025059111               10082011000000000019900000014130                         090000000000000000                                                  000000000000161020101                     
1040001300006U 06000000000000000000000000001592000000000000000000000000000000000000000018308000000000018308000000000000000000000000000000090820111008201100001008201100000000000000000000000000000000000000000000000000000000000000000000       
1040001300007T 060000000838500000000   1400000000025223601               20082011000000000022140000015210                         090000000000000000                                                  000000000000161020101                     
1040001300008U 06000000000000000000000000001770000000000000000000000000000000000000000020370000000000020370000000000000000000000000000000090820111008201100001008201100000000000000000000000000000000000000000000000000000000000000000000       
1040001300009T 060000000838500000000   240000000000062506100000000000000020082011000000000018576001016110000000000000000          090000000000000000                                                  000000000000326040101                     
1040001300010U 06000000000000000000000000001486000000000000000000000000000000000000000017090000000000017090000000000000000000000000000000090820111008201100001008201100000000000000000000000000000000000000000000000000000000000000000000       
1040001300011T 060000000838500000000   1400000000000224331               10082011000000000020500000015210                         090000000000000000                                                  000000000000161020101                     
1040001300012U 06000000000000000000000000003485000000000000000000000000000000000000000017015000000000017015000000000000000000000000000000090820111008201100001008201100000000000000000000000000000000000000000000000000000000000000000000       
1040001300013T 060000000838500000000   240000000000063049100000000000000010082011000000000018576000015760000000000000000          090000000000000000                                                  000000000000161020101                     
1040001300014U 06000000000000000000000000001486000000000000000000000000000000000000000017090000000000017090000000000000000000000000000000090820111008201100001008201100000000000000000000000000000000000000000000000000000000000000000000       
1040001300015T 060000000838500000000   240000000000041355100000000000000010082011000000000018576341056090000000000000000          090000000000000000                                                  000000000000326040101                     
1040001300016U 06000000000000000000000000001486000000000000000000000000000000000000000017090000000000017090000000000000000000000000000000090820111008201100001008201100000000000000000000000000000000000000000000000000000000000000000000       
1040001300017T 060000000838500000000   1400000000022326211               10082011000000000018576000017390                         090000000000000000                                                  000000000000161020101                     
1040001300018U 06000000000000000000000000000929000000000000000000000000000000000000000017647000000000017647000000000000000000000000000000090820111008201100001008201100000000000000000000000000000000000000000000000000000000000000000000       
1040001300019T 280000000838500000000                     0               00000000000000000000000000000000                         000000000000000000                                                  0000000000001560000000000                 
1040001300020U 280000000000000000000000000000000000000000000000000000000000000000000000000000000000000000000000000000000000000000000000000908201100000000000009082011000000000000000                              000                           
10400015         00002200000000000000000000000000000000000000000000000000000000000000000000000000000000000000000000                                                                                                                             
10499999         000001000024                                                                                                                                                                                                                   
