10400000         2023354550001930000000000000000000001521008385000000000CENTRO DE FORMACAO DE ENFERMAGC ECON FEDERAL                          21108201101271100054704000000                    RETORNO-PRODUCAO                  000            
10400011T0100030 20023354550001930000000000000000000001521008385000000000CENTRO DE FORMACAO DE ENFERMAG                                                                                00000547110820110000000000                          00   
1040001300001T 060000000838500000000   1400000000023550221               20082011000000000022140000015760                         090000000000000000                                                  000000000000161020101                     
1040001300002U 06000000000000000000000000001771000000000000000000000000000000000000000020369000000000020369000000000000000000000000000000110820111208201100001208201100000000000000000000000000000000000000000000000000000000000000000000       
1040001300003T 060000000838500000000   240000000000027174100000000000000020072011000000000018576000015760000000000000000          090000000000000000                                                  000000000000161020101                     
1040001300004U 06000000000001714000000000000000000000000000000000000000000000000000000020290000000000020290000000000000000000000000000000110820111208201100001208201100000000000000000000000000000000000000000000000000000000000000000000       
1040001300005T 280000000838500000000                     0               00000000000000000000000000000000                         000000000000000000                                                  0000000000000260000000000                 
1040001300006U 280000000000000000000000000000000000000000000000000000000000000000000000000000000000000000000000000000000000000000000000001108201100000000000011082011000000000000000                              000                           
10400015         00000800000000000000000000000000000000000000000000000000000000000000000000000000000000000000000000                                                                                                                             
10499999         000001000010                                                                                                                                                                                                                   
