10400000         2023354550001930000000000000000000001521008385000000000CENTRO DE FORMACAO DE ENFERMAGC ECON FEDERAL                          21208201102441100054804000000                    RETORNO-PRODUCAO                  000            
10400011T0100030 20023354550001930000000000000000000001521008385000000000CENTRO DE FORMACAO DE ENFERMAG                                                                                00000548120820110000000000                          00   
1040001300001T 060000000838500000000   1400000000023525971               10082011000000000019900000015760                         090000000000000000                                                  000000000000161020101                     
1040001300002U 06000000000000398000000000000000000000000000000000000000000000000000000020298000000000020298000000000000000000000000000000120820111508201100001508201100000000000000000000000000000000000000000000000000000000000000000000       
1040001300003T 060000000838500000000   1400000000023605141               31082011000000000022140000016490                         090000000000000000                                                  000000000000161020101                     
1040001300004U 06000000000000000000000000001771000000000000000000000000000000000000000020369000000000020369000000000000000000000000000000120820111508201100001508201100000000000000000000000000000000000000000000000000000000000000000000       
1040001300005T 060000000838500000000   1400000000025246731               20082011000000000022140000014130                         090000000000000000                                                  000000000000149060101                     
1040001300006U 06000000000000000000000000001771000000000000000000000000000000000000000020369000000000020369000000000000000000000000000000120820111508201100001508201100000000000000000000000000000000000000000000000000000000000000000000       
1040001300007T 280000000838500000000                     0               00000000000000000000000000000000                         000000000000000000                                                  0000000000000780000000000                 
1040001300008U 280000000000000000000000000000000000000000000000000000000000000000000000000000000000000000000000000000000000000000000000001208201100000000000012082011000000000000000                              000                           
10400015         00001000000000000000000000000000000000000000000000000000000000000000000000000000000000000000000000                                                                                                                             
10499999         000001000012                                                                                                                                                                                                                   
