10400000         2023354550001930000000000000000000001521008385000000000CENTRO DE FORMACAO DE ENFERMAGC ECON FEDERAL                          21508201102070600054904000000                    RETORNO-PRODUCAO                  000            
10400011T0100030 20023354550001930000000000000000000001521008385000000000CENTRO DE FORMACAO DE ENFERMAG                                                                                00000549150820110000000000                          00   
1040001300001T 060000000838500000000   1400000000000177071               20082011000000000020500237021210                         090000000000000000                                                  000000000000326040101                     
1040001300002U 06000000000000000000000000004715000000000000000000000000000000000000000015785000000000015785000000000000000000000000000000150820111608201100001608201100000000000000000000000000000000000000000000000000000000000000000000       
1040001300003T 060000000838500000000   1400000000000213131               20082011000000000020500000039580                         090000000000000000                                                  000000000000161020101                     
1040001300004U 06000000000000000000000000004715000000000000000000000000000000000000000015785000000000015785000000000000000000000000000000150820111608201100001608201100000000000000000000000000000000000000000000000000000000000000000000       
1040001300005T 060000000838500000000   1400000000022628901               20072011000000000018576000015210                         090000000000000000                                                  000000000000161020101                     
1040001300006U 06000000000000000000000000000000000000000000000000000000000000000000000018576000000000018576000000000000000000000000000000150820111608201100001608201100000000000000000000000000000000000000000000000000000000000000000000       
1040001300007T 060000000838500000000   1400000000022949611               20082011000000000017820000013070                         090000000000000000                                                  000000000000161020101                     
1040001300008U 06000000000000000000000000001426000000000000000000000000000000000000000016394000000000016394000000000000000000000000000000150820111608201100001608201100000000000000000000000000000000000000000000000000000000000000000000       
1040001300009T 060000000838500000000   1400000000023515901               20082011000000000019900000013070                         090000000000000000                                                  000000000000161020101                     
1040001300010U 06000000000000000000000000001592000000000000000000000000000000000000000018308000000000018308000000000000000000000000000000150820111608201100001608201100000000000000000000000000000000000000000000000000000000000000000000       
1040001300011T 060000000838500000000   1400000000023552511               20082011000000000018576000017390                         090000000000000000                                                  000000000000161020101                     
1040001300012U 06000000000000000000000000001486000000000000000000000000000000000000000017090000000000017090000000000000000000000000000000150820111608201100001608201100000000000000000000000000000000000000000000000000000000000000000000       
1040001300013T 060000000838500000000   1400000000025016731               10082011000000000019246000014050                         090000000000000000                                                  000000000000161020101                     
1040001300014U 06000000000000704000000000000000000000000000000000000000000000000000000019950000000000019950000000000000000000000000000000150820111608201100001608201100000000000000000000000000000000000000000000000000000000000000000000       
1040001300015T 060000000838500000000   1400000000025077361               20082011000000000019900000000270                         090000000000000000                                                  000000000000161020101                     
1040001300016U 06000000000000000000000000001592000000000000000000000000000000000000000018308000000000018308000000000000000000000000000000150820111608201100001608201100000000000000000000000000000000000000000000000000000000000000000000       
1040001300017T 060000000838500000000   240000000000046675100000000000000020082011000000000002500237021210000000000000000          090000000000000000                                                  000000000000326040101                     
1040001300018U 06000000000000000000000000000000000000000000000000000000000000000000000002500000000000002500000000000000000000000000000000150820111608201100001608201100000000000000000000000000000000000000000000000000000000000000000000       
1040001300019T 060000000838500000000   240000000000059831100000000000000020072011000000000018576000006710000000000000000          090000000000000000                                                  000000000000161020101                     
1040001300020U 06000000000001836000000000000000000000000000000000000000000000000000000020412000000000020412000000000000000000000000000000150820111608201100001608201100000000000000000000000000000000000000000000000000000000000000000000       
1040001300021T 280000000838500000000                     0               00000000000000000000000000000000                         000000000000000000                                                  0000000000002080000000000                 
1040001300022U 280000000000000000000000000000000000000000000000000000000000000000000000000000000000000000000000000000000000000000000000001508201100000000000015082011000000000000000                              000                           
10400015         00002400000000000000000000000000000000000000000000000000000000000000000000000000000000000000000000                                                                                                                             
10499999         000001000026                                                                                                                                                                                                                   
