10400000         2023354550001930000000000000000000001521008385000000000CENTRO DE FORMACAO DE ENFERMAGC ECON FEDERAL                          21608201101244700055004000000                    RETORNO-PRODUCAO                  000            
10400011T0100030 20023354550001930000000000000000000001521008385000000000CENTRO DE FORMACAO DE ENFERMAG                                                                                00000550160820110000000000                          00   
1040001300001T 060000000838500000000   240000000000056433100000000000000020082011000000000020500000006710000000000000000          090000000000000000                                                  000000000000320030100                     
1040001300002U 06000000000000000000000000001640000000000000000000000000000000000000000018860000000000018860000000000000000000000000000000160820111608201100001608201100000000000000000000000000000000000000000000000000000000000000000000       
1040001300003T 060000000838500000000   1400000000022269661               20082011000000000019246001029720                         090000000000000000                                                  000000000000326040101                     
1040001300004U 06000000000000000000000000002887000000000000000000000000000000000000000016359000000000016359000000000000000000000000000000160820111708201100001708201100000000000000000000000000000000000000000000000000000000000000000000       
1040001300005T 060000000838500000000   240000000000066986100000000000000020082011000000000018576000015210000000000000000          090000000000000000                                                  000000000000161020101                     
1040001300006U 06000000000000000000000000003344000000000000000000000000000000000000000015232000000000015232000000000000000000000000000000160820111708201100001708201100000000000000000000000000000000000000000000000000000000000000000000       
1040001300007T 060000000838500000000   240000000000072730100000000000000020082011000000000002500000015210000000000000000          090000000000000000                                                  000000000000161020101                     
1040001300008U 06000000000000000000000000000000000000000000000000000000000000000000000002500000000000002500000000000000000000000000000000160820111708201100001708201100000000000000000000000000000000000000000000000000000000000000000000       
1040001300009T 060000000838500000000   1400000000024137661               31072011000000000020062000015210                         090000000000000000                                                  000000000000161020101                     
1040001300010U 06000000000000000000000000000000000000000000000000000000000000000000000020062000000000020062000000000000000000000000000000160820111708201100001708201100000000000000000000000000000000000000000000000000000000000000000000       
1040001300011T 280000000838500000000                     0               00000000000000000000000000000000                         000000000000000000                                                  0000000000000520000000000                 
1040001300012U 280000000000000000000000000000000000000000000000000000000000000000000000000000000000000000000000000000000000000000000000001608201100000000000016082011000000000000000                              000                           
10400015         00001400000000000000000000000000000000000000000000000000000000000000000000000000000000000000000000                                                                                                                             
10499999         000001000016                                                                                                                                                                                                                   
