10400000         2023354550001930000000000000000000001521008385000000000CENTRO DE FORMACAO DE ENFERMAGC ECON FEDERAL                          21708201101234500055104000000                    RETORNO-PRODUCAO                  000            
10400011T0100030 20023354550001930000000000000000000001521008385000000000CENTRO DE FORMACAO DE ENFERMAG                                                                                00000551170820110000000000                          00   
1040001300001T 060000000838500000000   1400000000022938681               31082011000000000017820000015210                         090000000000000000                                                  000000000000161020101                     
1040001300002U 06000000000000000000000000001426000000000000000000000000000000000000000016394000000000016394000000000000000000000000000000170820111808201100001808201100000000000000000000000000000000000000000000000000000000000000000000       
1040001300003T 060000000838500000000   240000000000032607100000000000000020082011000000000018576000015770000000000000000          090000000000000000                                                  000000000000161020101                     
1040001300004U 06000000000000000000000000003344000000000000000000000000000000000000000015232000000000015232000000000000000000000000000000170820111808201100001808201100000000000000000000000000000000000000000000000000000000000000000000       
1040001300005T 060000000838500000000   240000000000033638100000000000000020082011000000000018576000021510000000000000000          090000000000000000                                                  000000000000149060101                     
1040001300006U 06000000000000000000000000003076000000000000000000000000000000000000000015500000000000015500000000000000000000000000000000170820111808201100001808201100000000000000000000000000000000000000000000000000000000000000000000       
1040001300007T 060000000838500000000   240000000000050567100000000000000020082011000000000020500000015210000000000000000          090000000000000000                                                  000000000000161020101                     
1040001300008U 06000000000000000000000000003485000000000000000000000000000000000000000017015000000000017015000000000000000000000000000000170820111808201100001808201100000000000000000000000000000000000000000000000000000000000000000000       
1040001300009T 060000000838500000000   240000000000053663100000000000000020082011000000000020500000015760000000000000000          090000000000000000                                                  000000000000161020101                     
1040001300010U 06000000000000000000000000001640000000000000000000000000000000000000000018860000000000018860000000000000000000000000000000170820111808201100001808201100000000000000000000000000000000000000000000000000000000000000000000       
1040001300011T 060000000838500000000  9000000000000013876100000000000000020082011000000000018576000016490000000000000000          090000000000000000                                                  000000000000161020101                     
1040001300012U 06000000000000000000000000001486000000000000000000000000000000000000000017090000000000017090000000000000000000000000000000170820111808201100001808201100000000000000000000000000000000000000000000000000000000000000000000       
1040001300013T 280000000838500000000                     0               00000000000000000000000000000000                         000000000000000000                                                  0000000000000260000000000                 
1040001300014U 280000000000000000000000000000000000000000000000000000000000000000000000000000000000000000000000000000000000000000000000001708201100000000000017082011000000000000000                              000                           
10400015         00001600000000000000000000000000000000000000000000000000000000000000000000000000000000000000000000                                                                                                                             
10499999         000001000018                                                                                                                                                                                                                   
