10400000         2023354550001930000000000000000000001521008385000000000CENTRO DE FORMACAO DE ENFERMAGC ECON FEDERAL                          21908201101415300055304000000                    RETORNO-PRODUCAO                  000            
10400011T0100030 20023354550001930000000000000000000001521008385000000000CENTRO DE FORMACAO DE ENFERMAG                                                                                00000553190820110000000000                          00   
1040001300001T 060000000838500000000   240000000000033980100000000000000020082011000000000018576000013070000000000000000          090000000000000000                                                  000000000000161020101                     
1040001300002U 06000000000000000000000000003344000000000000000000000000000000000000000015232000000000015232000000000000000000000000000000190820112208201100002208201100000000000000000000000000000000000000000000000000000000000000000000       
1040001300003T 060000000838500000000   240000000000046888100000000000000020082011000000000002500000032730000000000000000          090000000000000000                                                  000000000000161020101                     
1040001300004U 06000000000000000000000000000000000000000000000000000000000000000000000002500000000000002500000000000000000000000000000000190820112208201100002208201100000000000000000000000000000000000000000000000000000000000000000000       
1040001300005T 060000000838500000000   1400000000022284111               20072011000000000019224000031200                         090000000000000000                                                  000000000000161020101                     
1040001300006U 06000000000000000000000000000020000000000000000000000000000000000000000019204000000000019204000000000000000000000000000000190820112208201100002208201100000000000000000000000000000000000000000000000000000000000000000000       
1040001300007T 060000000838500000000   1400000000023620021               20082011000000000022140000015760                         090000000000000000                                                  000000000000161020101                     
1040001300008U 06000000000000000000000000001771000000000000000000000000000000000000000020369000000000020369000000000000000000000000000000190820112208201100002208201100000000000000000000000000000000000000000000000000000000000000000000       
1040001300009T 060000000838500000000   1400000000025217041               20082011000000000022140000015770                         090000000000000000                                                  000000000000161020101                     
1040001300010U 06000000000000000000000000001771000000000000000000000000000000000000000020369000000000020369000000000000000000000000000000190820112208201100002208201100000000000000000000000000000000000000000000000000000000000000000000       
1040001300011T 060000000838500000000   1400000000000270361               20082011000000000020500000015210                         090000000000000000                                                  000000000000161020101                     
1040001300012U 06000000000000000000000000004715000000000000000000000000000000000000000015785000000000015785000000000000000000000000000000190820112208201100002208201100000000000000000000000000000000000000000000000000000000000000000000       
1040001300013T 060000000838500000000   1400000000023471191               20082011000000000019900000016490                         090000000000000000                                                  000000000000161020101                     
1040001300014U 06000000000000000000000000002985000000000000000000000000000000000000000016915000000000016915000000000000000000000000000000190820112208201100002208201100000000000000000000000000000000000000000000000000000000000000000000       
1040001300015T 060000000838500000000   1400000000022291401               20082011000000000017820000015210                         090000000000000000                                                  000000000000161020101                     
1040001300016U 06000000000000000000000000000911000000000000000000000000000000000000000016909000000000016909000000000000000000000000000000190820112208201100002208201100000000000000000000000000000000000000000000000000000000000000000000       
1040001300017T 060000000838500000000   1400000000023481231               20082011000000000019900001016120                         090000000000000000                                                  000000000000326040101                     
1040001300018U 06000000000000000000000000002985000000000000000000000000000000000000000016915000000000016915000000000000000000000000000000190820112208201100002208201100000000000000000000000000000000000000000000000000000000000000000000       
1040001300019T 060000000838500000000  9000000000000012616100000000000000020082011000000000018576000000270000000000000000          090000000000000000                                                  000000000000161020101                     
1040001300020U 06000000000000000000000000002229000000000000000000000000000000000000000016347000000000016347000000000000000000000000000000190820112208201100002208201100000000000000000000000000000000000000000000000000000000000000000000       
1040001300021T 060000000838500000000   240000000000036475100000000000000020072011000000000020500000016490000000000000000          090000000000000000                                                  000000000000161020101                     
1040001300022U 06000000000002450000000000000000000000000000000000000000000000000000000022950000000000022950000000000000000000000000000000190820112208201100002208201100000000000000000000000000000000000000000000000000000000000000000000       
1040001300023T 060000000838500000000   240000000000040936100000000000000020082011000000000018576000015760000000000000000          090000000000000000                                                  000000000000161020101                     
1040001300024U 06000000000000000000000000001486000000000000000000000000000000000000000017090000000000017090000000000000000000000000000000190820112208201100002208201100000000000000000000000000000000000000000000000000000000000000000000       
1040001300025T 060000000838500000000   240000000000058908100000000000000020082011000000000020500000017390000000000000000          090000000000000000                                                  000000000000161020101                     
1040001300026U 06000000000000000000000000001640000000000000000000000000000000000000000018860000000000018860000000000000000000000000000000190820112208201100002208201100000000000000000000000000000000000000000000000000000000000000000000       
1040001300027T 060000000838500000000   1400000000023004221               20082011000000000018576000015210                         090000000000000000                                                  000000000000161020101                     
1040001300028U 06000000000000000000000000001486000000000000000000000000000000000000000017090000000000017090000000000000000000000000000000190820112208201100002208201100000000000000000000000000000000000000000000000000000000000000000000       
1040001300029T 060000000838500000000   1400000000025011261               20082011000000000019246000000270                         090000000000000000                                                  000000000000161020101                     
1040001300030U 06000000000000000000000000002887000000000000000000000000000000000000000016359000000000016359000000000000000000000000000000190820112208201100002208201100000000000000000000000000000000000000000000000000000000000000000000       
1040001300031T 060000000838500000000   1400000000000180701               20082011000000000020500000032730                         090000000000000000                                                  000000000000161020101                     
1040001300032U 06000000000000000000000000004715000000000000000000000000000000000000000015785000000000015785000000000000000000000000000000190820112208201100002208201100000000000000000000000000000000000000000000000000000000000000000000       
1040001300033T 280000000838500000000                     0               00000000000000000000000000000000                         000000000000000000                                                  0000000000002600000000000                 
1040001300034U 280000000000000000000000000000000000000000000000000000000000000000000000000000000000000000000000000000000000000000000000001908201100000000000019082011000000000000000                              000                           
10400015         00003600000000000000000000000000000000000000000000000000000000000000000000000000000000000000000000                                                                                                                             
10499999         000001000038                                                                                                                                                                                                                   
