10400000         2023354550001930000000000000000000001521008385000000000CENTRO DE FORMACAO DE ENFERMAGC ECON FEDERAL                          21808201102105800055204000000                    RETORNO-PRODUCAO                  000            
10400011T0100030 20023354550001930000000000000000000001521008385000000000CENTRO DE FORMACAO DE ENFERMAG                                                                                00000552180820110000000000                          00   
1040001300001T 060000000838500000000   1400000000000199551               20082011000000000020500001000200                         090000000000000000                                                  000000000000326040101                     
1040001300002U 06000000000000000000000000004715000000000000000000000000000000000000000015785000000000015785000000000000000000000000000000180820111908201100001908201100000000000000000000000000000000000000000000000000000000000000000000       
1040001300003T 060000000838500000000   1400000000021709281               20082011000000000022140000039580                         090000000000000000                                                  000000000000161020101                     
1040001300004U 06000000000000000000000000001771000000000000000000000000000000000000000020369000000000020369000000000000000000000000000000180820111908201100001908201100000000000000000000000000000000000000000000000000000000000000000000       
1040001300005T 060000000838500000000   1400000000023467911               20082011000000000019900000015760                         090000000000000000                                                  000000000000161020101                     
1040001300006U 06000000000000000000000000002985000000000000000000000000000000000000000016915000000000016915000000000000000000000000000000180820111908201100001908201100000000000000000000000000000000000000000000000000000000000000000000       
1040001300007T 060000000838500000000   1400000000023490221               20082011000000000019900000015770                         090000000000000000                                                  000000000000161020101                     
1040001300008U 06000000000000000000000000002985000000000000000000000000000000000000000016915000000000016915000000000000000000000000000000180820111908201100001908201100000000000000000000000000000000000000000000000000000000000000000000       
1040001300009T 060000000838500000000   1400000000025254401               20082011000000000019900000015770                         090000000000000000                                                  000000000000161020101                     
1040001300010U 06000000000000000000000000002985000000000000000000000000000000000000000016915000000000016915000000000000000000000000000000180820111908201100001908201100000000000000000000000000000000000000000000000000000000000000000000       
1040001300011T 060000000838500000000   240000000000021532100000000000000030082011000000000020500000000270000000000000000          090000000000000000                                                  000000000000161020101                     
1040001300012U 06000000000000000000000000004715000000000000000000000000000000000000000015785000000000015785000000000000000000000000000000180820111908201100001908201100000000000000000000000000000000000000000000000000000000000000000000       
1040001300013T 060000000838500000000   240000000000045580100000000000000030082011000000000002500000000270000000000000000          090000000000000000                                                  000000000000161020101                     
1040001300014U 06000000000000000000000000000000000000000000000000000000000000000000000002500000000000002500000000000000000000000000000000180820111908201100001908201100000000000000000000000000000000000000000000000000000000000000000000       
1040001300015T 060000000838500000000   240000000000046365100000000000000020082011000000000020500001016130000000000000000          090000000000000000                                                  000000000000326040101                     
1040001300016U 06000000000000000000000000003485000000000000000000000000000000000000000017015000000000017015000000000000000000000000000000180820111908201100001908201100000000000000000000000000000000000000000000000000000000000000000000       
1040001300017T 060000000838500000000   240000000000050990100000000000000020082011000000000020500000000270000000000000000          090000000000000000                                                  000000000000161020101                     
1040001300018U 06000000000000000000000000003485000000000000000000000000000000000000000017015000000000017015000000000000000000000000000000180820111908201100001908201100000000000000000000000000000000000000000000000000000000000000000000       
1040001300019T 060000000838500000000   240000000000051059100000000000000020102011000000000002500000000270000000000000000          090000000000000000                                                  000000000000161020101                     
1040001300020U 06000000000000000000000000000000000000000000000000000000000000000000000002500000000000002500000000000000000000000000000000180820111908201100001908201100000000000000000000000000000000000000000000000000000000000000000000       
1040001300021T 060000000838500000000   240000000000051270100000000000000020082011000000000018576000039580000000000000000          090000000000000000                                                  000000000000161020101                     
1040001300022U 06000000000000000000000000003344000000000000000000000000000000000000000015232000000000015232000000000000000000000000000000180820111908201100001908201100000000000000000000000000000000000000000000000000000000000000000000       
1040001300023T 060000000838500000000   240000000000060457100000000000000030082011000000000018576000015760000000000000000          090000000000000000                                                  000000000000161020101                     
1040001300024U 06000000000000000000000000001486000000000000000000000000000000000000000017090000000000017090000000000000000000000000000000180820111908201100001908201100000000000000000000000000000000000000000000000000000000000000000000       
1040001300025T 280000000838500000000                     0               00000000000000000000000000000000                         000000000000000000                                                  0000000000001300000000000                 
1040001300026U 280000000000000000000000000000000000000000000000000000000000000000000000000000000000000000000000000000000000000000000000001808201100000000000018082011000000000000000                              000                           
10400015         00002800000000000000000000000000000000000000000000000000000000000000000000000000000000000000000000                                                                                                                             
10499999         000001000030                                                                                                                                                                                                                   
