10400000         2023354550001930000000000000000000001521008385000000000CENTRO DE FORMACAO DE ENFERMAGC ECON FEDERAL                          22208201102071800055404000000                    RETORNO-PRODUCAO                  000            
10400011T0100030 20023354550001930000000000000000000001521008385000000000CENTRO DE FORMACAO DE ENFERMAG                                                                                00000554220820110000000000                          00   
1040001300001T 060000000838500000000   240000000000051490100000000000000020082011000000000018576000016490000000000000000          090000000000000000                                                  000000000000149060101                     
1040001300002U 06000000000000000000000000003344000000000000000000000000000000000000000015232000000000015232000000000000000000000000000000220820112308201100002308201100000000000000000000000000000000000000000000000000000000000000000000       
1040001300003T 060000000838500000000   1400000000022276011               20082011000000000019224000007680                         090000000000000000                                                  000000000000161020101                     
1040001300004U 06000000000000000000000000000961000000000000000000000000000000000000000018263000000000018263000000000000000000000000000000220820112308201100002308201100000000000000000000000000000000000000000000000000000000000000000000       
1040001300005T 060000000838500000000   1400000000025038111               20082011000000000019900000017390                         090000000000000000                                                  000000000000161020101                     
1040001300006U 06000000000000000000000000002985000000000000000000000000000000000000000016915000000000016915000000000000000000000000000000220820112308201100002308201100000000000000000000000000000000000000000000000000000000000000000000       
1040001300007T 060000000838500000000   1400000000022849741               20082011000000000018500237013900                         090000000000000000                                                  000000000000326040101                     
1040001300008U 06000000000000000000000000001480000000000000000000000000000000000000000017020000000000017020000000000000000000000000000000220820112308201100002308201100000000000000000000000000000000000000000000000000000000000000000000       
1040001300009T 060000000838500000000   240000000000000136100000000000000020082011000000000020500000000270000000000000000          090000000000000000                                                  000000000000161020101                     
1040001300010U 06000000000000000000000000003485000000000000000000000000000000000000000017015000000000017015000000000000000000000000000000220820112308201100002308201100000000000000000000000000000000000000000000000000000000000000000000       
1040001300011T 060000000838500000000   240000000000042971100000000000000020082011000000000018576000014050000000000000000          090000000000000000                                                  000000000000161020101                     
1040001300012U 06000000000000000000000000001486000000000000000000000000000000000000000017090000000000017090000000000000000000000000000000220820112308201100002308201100000000000000000000000000000000000000000000000000000000000000000000       
1040001300013T 060000000838500000000   1400000000000148211               20082011000000000018576000014130                         090000000000000000                                                  000000000000161020101                     
1040001300014U 06000000000000000000000000003344000000000000000000000000000000000000000015232000000000015232000000000000000000000000000000220820112308201100002308201100000000000000000000000000000000000000000000000000000000000000000000       
1040001300015T 060000000838500000000  9000000000000014015100000000000000020082011000000000018576000015210000000000000000          090000000000000000                                                  000000000000161020101                     
1040001300016U 06000000000000000000000000003344000000000000000000000000000000000000000015232000000000015232000000000000000000000000000000220820112308201100002308201100000000000000000000000000000000000000000000000000000000000000000000       
1040001300017T 060000000838500000000   240000000000047019100000000000000020082011000000000002500000031200000000000000000          090000000000000000                                                  000000000000161020101                     
1040001300018U 06000000000000000000000000000000000000000000000000000000000000000000000002500000000000002500000000000000000000000000000000220820112308201100002308201100000000000000000000000000000000000000000000000000000000000000000000       
1040001300019T 060000000838500000000   240000000000057286100000000000000020082011000000000020500000014130000000000000000          090000000000000000                                                  000000000000161020101                     
1040001300020U 06000000000000000000000000001640000000000000000000000000000000000000000018860000000000018860000000000000000000000000000000220820112308201100002308201100000000000000000000000000000000000000000000000000000000000000000000       
1040001300021T 060000000838500000000   240000000000039679100000000000000020082011000000000020500000006710000000000000000          090000000000000000                                                  000000000000161020101                     
1040001300022U 06000000000000000000000000001640000000000000000000000000000000000000000018860000000000018860000000000000000000000000000000220820112308201100002308201100000000000000000000000000000000000000000000000000000000000000000000       
1040001300023T 060000000838500000000   240000000000049020100000000000000020082011000000000002500000000270000000000000000          090000000000000000                                                  000000000000161020101                     
1040001300024U 06000000000000000000000000000000000000000000000000000000000000000000000002500000000000002500000000000000000000000000000000220820112308201100002308201100000000000000000000000000000000000000000000000000000000000000000000       
1040001300025T 060000000838500000000   1400000000022939571               10082011000000000017820000017390                         090000000000000000                                                  000000000000161020101                     
1040001300026U 06000000000001058000000000000000000000000000000000000000000000000000000018878000000000018878000000000000000000000000000000220820112308201100002308201100000000000000000000000000000000000000000000000000000000000000000000       
1040001300027T 060000000838500000000   1400000000023014371               20082011000000000018576001036500                         090000000000000000                                                  000000000000326040101                     
1040001300028U 06000000000000000000000000001486000000000000000000000000000000000000000017090000000000017090000000000000000000000000000000220820112308201100002308201100000000000000000000000000000000000000000000000000000000000000000000       
1040001300029T 060000000838500000000   240000000000066323100000000000000020082011000000000018576000015760000000000000000          090000000000000000                                                  000000000000161020101                     
1040001300030U 06000000000000000000000000003344000000000000000000000000000000000000000015232000000000015232000000000000000000000000000000220820112308201100002308201100000000000000000000000000000000000000000000000000000000000000000000       
1040001300031T 060000000838500000000   240000000000052977100000000000000020082011000000000020500237011460000000000000000          090000000000000000                                                  000000000000326040101                     
1040001300032U 06000000000000000000000000001800000000000000000000000000000000000000000018700000000000018700000000000000000000000000000000220820112308201100002308201100000000000000000000000000000000000000000000000000000000000000000000       
1040001300033T 060000000838500000000   240000000000072021100000000000000020082011000000000018576000014130000000000000000          090000000000000000                                                  000000000000161020101                     
1040001300034U 06000000000000000000000000003344000000000000000000000000000000000000000015232000000000015232000000000000000000000000000000220820112308201100002308201100000000000000000000000000000000000000000000000000000000000000000000       
1040001300035T 060000000838500000000   1400000000000252201               20082011000000000018576000031200                         090000000000000000                                                  000000000000161020101                     
1040001300036U 06000000000000000000000000002229000000000000000000000000000000000000000016347000000000016347000000000000000000000000000000220820112308201100002308201100000000000000000000000000000000000000000000000000000000000000000000       
1040001300037T 060000000838500000000   1400000000000166541               20082011000000000020500000000270                         090000000000000000                                                  000000000000161020101                     
1040001300038U 06000000000000000000000000004715000000000000000000000000000000000000000015785000000000015785000000000000000000000000000000220820112308201100002308201100000000000000000000000000000000000000000000000000000000000000000000       
1040001300039T 060000000838500000000   240000000000047159100000000000000020082011000000000002500000015770000000000000000          090000000000000000                                                  000000000000161020101                     
1040001300040U 06000000000000000000000000000000000000000000000000000000000000000000000002500000000000002500000000000000000000000000000000220820112308201100002308201100000000000000000000000000000000000000000000000000000000000000000000       
1040001300041T 060000000838500000000   1400000000022862251               20082011000000000018500237026170                         090000000000000000                                                  000000000000326040101                     
1040001300042U 06000000000000000000000000002775000000000000000000000000000000000000000015725000000000015725000000000000000000000000000000220820112308201100002308201100000000000000000000000000000000000000000000000000000000000000000000       
1040001300043T 060000000838500000000   1400000000025255561               20082011000000000019900001029530                         090000000000000000                                                  000000000000326040101                     
1040001300044U 06000000000000000000000000002985000000000000000000000000000000000000000016915000000000016915000000000000000000000000000000220820112308201100002308201100000000000000000000000000000000000000000000000000000000000000000000       
1040001300045T 060000000838500000000   240000000000072544100000000000000020112011000000000002500000015760000000000000000          090000000000000000                                                  000000000000161020101                     
1040001300046U 06000000000000000000000000000000000000000000000000000000000000000000000002500000000000002500000000000000000000000000000000220820112308201100002308201100000000000000000000000000000000000000000000000000000000000000000000       
1040001300047T 060000000838500000000   1400000000024464941               20082011000000000022176237021210                         090000000000000000                                                  000000000000326040101                     
1040001300048U 06000000000000000000000000002661000000000000000000000000000000000000000019515000000000019515000000000000000000000000000000220820112308201100002308201100000000000000000000000000000000000000000000000000000000000000000000       
1040001300049T 060000000838500000000   240000000000035304100000000000000020082011000000000015000000015760000000000000000          090000000000000000                                                  000000000000161020101                     
1040001300050U 06000000000000000000000000001200000000000000000000000000000000000000000013800000000000013800000000000000000000000000000000220820112308201100002308201100000000000000000000000000000000000000000000000000000000000000000000       
1040001300051T 060000000838500000000   240000000000033484100000000000000030082011000000000018576000015210000000000000000          090000000000000000                                                  000000000000161020101                     
1040001300052U 06000000000000000000000000003344000000000000000000000000000000000000000015232000000000015232000000000000000000000000000000220820112308201100002308201100000000000000000000000000000000000000000000000000000000000000000000       
1040001300053T 060000000838500000000   240000000000073273100000000000000020082011000000000018576000039580000000000000000          090000000000000000                                                  000000000000161020101                     
1040001300054U 06000000000000000000000000002229000000000000000000000000000000000000000016347000000000016347000000000000000000000000000000220820112308201100002308201100000000000000000000000000000000000000000000000000000000000000000000       
1040001300055T 060000000838500000000   1400000000023031701               20082011000000000018576000000270                         090000000000000000                                                  000000000000161020101                     
1040001300056U 06000000000000000000000000001486000000000000000000000000000000000000000017090000000000017090000000000000000000000000000000220820112308201100002308201100000000000000000000000000000000000000000000000000000000000000000000       
1040001300057T 060000000838500000000   1400000000024184661               20082011000000000019246000017390                         090000000000000000                                                  000000000000161020101                     
1040001300058U 06000000000000000000000000001540000000000000000000000000000000000000000017706000000000017706000000000000000000000000000000220820112308201100002308201100000000000000000000000000000000000000000000000000000000000000000000       
1040001300059T 060000000838500000000   240000000000058177100000000000000020082011000000000020500000031200000000000000000          090000000000000000                                                  000000000000161020101                     
1040001300060U 06000000000000000000000000001640000000000000000000000000000000000000000018860000000000018860000000000000000000000000000000220820112308201100002308201100000000000000000000000000000000000000000000000000000000000000000000       
1040001300061T 060000000838500000000   240000000000042050100000000000000020082011000000000018576000015760000000000000000          090000000000000000                                                  000000000000161020101                     
1040001300062U 06000000000000000000000000001486000000000000000000000000000000000000000017090000000000017090000000000000000000000000000000220820112308201100002308201100000000000000000000000000000000000000000000000000000000000000000000       
1040001300063T 060000000838500000000   240000000000072536100000000000000020082011000000000002500000015760000000000000000          090000000000000000                                                  000000000000161020101                     
1040001300064U 06000000000000000000000000000000000000000000000000000000000000000000000002500000000000002500000000000000000000000000000000220820112308201100002308201100000000000000000000000000000000000000000000000000000000000000000000       
1040001300065T 060000000838500000000   1400000000000183471               20082011000000000020500000031200                         090000000000000000                                                  000000000000161020101                     
1040001300066U 06000000000000000000000000004715000000000000000000000000000000000000000015785000000000015785000000000000000000000000000000220820112308201100002308201100000000000000000000000000000000000000000000000000000000000000000000       
1040001300067T 060000000838500000000   1400000000000186141               20082011000000000020500000015770                         090000000000000000                                                  000000000000161020101                     
1040001300068U 06000000000000000000000000004715000000000000000000000000000000000000000015785000000000015785000000000000000000000000000000220820112308201100002308201100000000000000000000000000000000000000000000000000000000000000000000       
1040001300069T 060000000838500000000   1400000000023327901               20082011000000000021276000015210                         090000000000000000                                                  000000000000161020101                     
1040001300070U 06000000000000000000000000001064000000000000000000000000000000000000000020212000000000020212000000000000000000000000000000220820112308201100002308201100000000000000000000000000000000000000000000000000000000000000000000       
1040001300071T 060000000838500000000   1400000000023529291               20082011000000000019900237013190                         090000000000000000                                                  000000000000326040101                     
1040001300072U 06000000000000000000000000001592000000000000000000000000000000000000000018308000000000018308000000000000000000000000000000220820112308201100002308201100000000000000000000000000000000000000000000000000000000000000000000       
1040001300073T 280000000838500000000                     0               00000000000000000000000000000000                         000000000000000000                                                  0000000000004420000000000                 
1040001300074U 280000000000000000000000000000000000000000000000000000000000000000000000000000000000000000000000000000000000000000000000002208201100000000000022082011000000000000000                              000                           
10400015         00007600000000000000000000000000000000000000000000000000000000000000000000000000000000000000000000                                                                                                                             
10499999         000001000078                                                                                                                                                                                                                   
