10400000         2023354550001930000000000000000000001521008385000000000CENTRO DE FORMACAO DE ENFERMAGC ECON FEDERAL                          22308201101224100055504000000                    RETORNO-PRODUCAO                  000            
10400011T0100030 20023354550001930000000000000000000001521008385000000000CENTRO DE FORMACAO DE ENFERMAG                                                                                00000555230820110000000000                          00   
1040001300001T 060000000838500000000   240000000000073184100000000000000020082011000000000002500000000270000000000000000          090000000000000000                                                  000000000000161020101                     
1040001300002U 06000000000000074000000000000000000000000000000000000000000000000000000002574000000000002574000000000000000000000000000000230820112408201100002408201100000000000000000000000000000000000000000000000000000000000000000000       
1040001300003T 060000000838500000000   240000000000027450100000000000000020082011000000000018576000031200000000000000000          090000000000000000                                                  000000000000161020101                     
1040001300004U 06000000000000555000000000000000000000000000000000000000000000000000000019131000000000019131000000000000000000000000000000230820112408201100002408201100000000000000000000000000000000000000000000000000000000000000000000       
1040001300005T 060000000838500000000   240000000000035126100000000000000020082011000000000015000000015760000000000000000          090000000000000000                                                  000000000000161020101                     
1040001300006U 06000000000000450000000000000000000000000000000000000000000000000000000015450000000000015450000000000000000000000000000000230820112408201100002408201100000000000000000000000000000000000000000000000000000000000000000000       
1040001300007T 060000000838500000000   240000000000049917100000000000000030082011000000000020500000017390000000000000000          090000000000000000                                                  000000000000161020101                     
1040001300008U 06000000000000000000000000003485000000000000000000000000000000000000000017015000000000017015000000000000000000000000000000230820112408201100002408201100000000000000000000000000000000000000000000000000000000000000000000       
1040001300009T 060000000838500000000   240000000000049976100000000000000030102011000000000002500000017390000000000000000          090000000000000000                                                  000000000000161020101                     
1040001300010U 06000000000000000000000000000000000000000000000000000000000000000000000002500000000000002500000000000000000000000000000000230820112408201100002408201100000000000000000000000000000000000000000000000000000000000000000000       
10400015         00001200000000000000000000000000000000000000000000000000000000000000000000000000000000000000000000                                                                                                                             
10499999         000001000014                                                                                                                                                                                                                   
