10400000         2023354550001930000000000000000000001521008385000000000CENTRO DE FORMACAO DE ENFERMAGC ECON FEDERAL                          22608201102113000055604000000                    RETORNO-PRODUCAO                  000            
10400011T0100030 20023354550001930000000000000000000001521008385000000000CENTRO DE FORMACAO DE ENFERMAG                                                                                00000556260820110000000000                          00   
1040001300001T 060000000838500000000   1400000000023523761               31082011000000000019900000015760                         090000000000000000                                                  000000000000149060101                     
1040001300002U 06000000000000000000000000001590000000000000000000000000000000000000000018310000000000018310000000000000000000000000000000260820112908201100002908201100000000000000000000000000000000000000000000000000000000000000000000       
1040001300003T 060000000838500000000   1400000000022936801               20082011000000000017820000017390                         090000000000000000                                                  000000000000161020101                     
1040001300004U 06000000000000710000000000000000000000000000000000000000000000000000000018530000000000018530000000000000000000000000000000260820112908201100002908201100000000000000000000000000000000000000000000000000000000000000000000       
1040001300005T 280000000838500000000                     0               00000000000000000000000000000000                         000000000000000000                                                  0000000000000520000000000                 
1040001300006U 280000000000000000000000000000000000000000000000000000000000000000000000000000000000000000000000000000000000000000000000002608201100000000000026082011000000000000000                              000                           
10400015         00000800000000000000000000000000000000000000000000000000000000000000000000000000000000000000000000                                                                                                                             
10499999         000001000010                                                                                                                                                                                                                   
