10400000         2023354550001930000000000000000000001521008385000000000CENTRO DE FORMACAO DE ENFERMAGC ECON FEDERAL                          22908201102045400055704000000                    RETORNO-PRODUCAO                  000            
10400011T0100030 20023354550001930000000000000000000001521008385000000000CENTRO DE FORMACAO DE ENFERMAG                                                                                00000557290820110000000000                          00   
1040001300001T 060000000838500000000   1400000000022960001               31082011000000000017820000031200                         090000000000000000                                                  000000000000161020101                     
1040001300002U 06000000000000000000000000002673000000000000000000000000000000000000000015147000000000015147000000000000000000000000000000290820113008201100003008201100000000000000000000000000000000000000000000000000000000000000000000       
1040001300003T 060000000838500000000   1400000000000270791               30082011000000000020500001036490                         090000000000000000                                                  000000000000326040101                     
1040001300004U 06000000000000000000000000004715000000000000000000000000000000000000000015785000000000015785000000000000000000000000000000290820113008201100003008201100000000000000000000000000000000000000000000000000000000000000000000       
1040001300005T 060000000838500000000   240000000000048538100000000000000030102011000000000002500000006710000000000000000          090000000000000000                                                  000000000000161020101                     
1040001300006U 06000000000000000000000000000000000000000000000000000000000000000000000002500000000000002500000000000000000000000000000000290820113008201100003008201100000000000000000000000000000000000000000000000000000000000000000000       
1040001300007T 060000000838500000000   240000000000050613100000000000000020082011000000000002500000039580000000000000000          090000000000000000                                                  000000000000161020101                     
1040001300008U 06000000000000122000000000000000000000000000000000000000000000000000000002622000000000002622000000000000000000000000000000290820113008201100003008201100000000000000000000000000000000000000000000000000000000000000000000       
1040001300009T 060000000838500000000   240000000000058576100000000000000020082011000000000020500000015770000000000000000          090000000000000000                                                  000000000000161020101                     
1040001300010U 06000000000001022000000000000000000000000000000000000000000000000000000021522000000000021522000000000000000000000000000000290820113008201100003008201100000000000000000000000000000000000000000000000000000000000000000000       
1040001300011T 060000000838500000000   1400000000022302621               31072011000000000017820000016490                         090000000000000000                                                  000000000000161020101                     
1040001300012U 06000000000002067000000000000000000000000000000000000000000000000000000019887000000000019887000000000000000000000000000000290820113008201100003008201100000000000000000000000000000000000000000000000000000000000000000000       
1040001300013T 060000000838500000000   240000000000031783100000000000000030082011000000000020500000006710000000000000000          090000000000000000                                                  000000000000161020101                     
1040001300014U 06000000000000000000000000004715000000000000000000000000000000000000000015785000000000015785000000000000000000000000000000290820113008201100003008201100000000000000000000000000000000000000000000000000000000000000000000       
1040001300015T 060000000838500000000  9000000000000014406100000000000000030082011000000000018576000015210000000000000000          090000000000000000                                                  000000000000161020101                     
1040001300016U 06000000000000000000000000003344000000000000000000000000000000000000000015232000000000015232000000000000000000000000000000290820113008201100003008201100000000000000000000000000000000000000000000000000000000000000000000       
1040001300017T 060000000838500000000   1400000000023574831               31082011000000000017820237026170                         090000000000000000                                                  000000000000326040101                     
1040001300018U 06000000000000000000000000000891000000000000000000000000000000000000000016929000000000016929000000000000000000000000000000290820113008201100003008201100000000000000000000000000000000000000000000000000000000000000000000       
1040001300019T 060000000838500000000   1400000000025211511               31082011000000000022140001029530                         090000000000000000                                                  000000000000326040101                     
1040001300020U 06000000000000000000000000001771000000000000000000000000000000000000000020369000000000020369000000000000000000000000000000290820113008201100003008201100000000000000000000000000000000000000000000000000000000000000000000       
1040001300021T 060000000838500000000   1400000000022349931               30082011000000000018576000015760                         090000000000000000                                                  000000000000161020101                     
1040001300022U 06000000000000000000000000000000000000000000000000000000000000000000000018576000000000018576000000000000000000000000000000290820113008201100003008201100000000000000000000000000000000000000000000000000000000000000000000       
1040001300023T 060000000838500000000   1400000000022947751               31082011000000000017820000015210                         090000000000000000                                                  000000000000161020101                     
1040001300024U 06000000000000000000000000002673000000000000000000000000000000000000000015147000000000015147000000000000000000000000000000290820113008201100003008201100000000000000000000000000000000000000000000000000000000000000000000       
1040001300025T 060000000838500000000   1400000000023606201               30082011000000000022140000014130                         090000000000000000                                                  000000000000161020101                     
1040001300026U 06000000000000000000000000001771000000000000000000000000000000000000000020369000000000020369000000000000000000000000000000290820113008201100003008201100000000000000000000000000000000000000000000000000000000000000000000       
1040001300027T 060000000838500000000   1400000000025045591               31082011000000000019900000015210                         090000000000000000                                                  000000000000161020101                     
1040001300028U 06000000000000000000000000002985000000000000000000000000000000000000000016915000000000016915000000000000000000000000000000290820113008201100003008201100000000000000000000000000000000000000000000000000000000000000000000       
1040001300029T 060000000838500000000   240000000000050605100000000000000020062011000000000002500000039580000000000000000          090000000000000000                                                  000000000000161020101                     
1040001300030U 06000000000000610000000000000000000000000000000000000000000000000000000003110000000000003110000000000000000000000000000000290820113008201100003008201100000000000000000000000000000000000000000000000000000000000000000000       
1040001300031T 280000000838500000000                     0               00000000000000000000000000000000                         000000000000000000                                                  0000000000002340000000000                 
1040001300032U 280000000000000000000000000000000000000000000000000000000000000000000000000000000000000000000000000000000000000000000000002908201100000000000029082011000000000000000                              000                           
10400015         00003400000000000000000000000000000000000000000000000000000000000000000000000000000000000000000000                                                                                                                             
10499999         000001000036                                                                                                                                                                                                                   
