10400000         2023354550001930000000000000000000001521008385000000000CENTRO DE FORMACAO DE ENFERMAGC ECON FEDERAL                          20109201101283600056004000000                    RETORNO-PRODUCAO                  000            
10400011T0100030 20023354550001930000000000000000000001521008385000000000CENTRO DE FORMACAO DE ENFERMAG                                                                                00000560010920110000000000                          00   
1040001300001T 060000000838500000000   1400000000025026101               10092011000000000019900000039580                         090000000000000000                                                  000000000000161020101                     
1040001300002U 06000000000000000000000000002985000000000000000000000000000000000000000016915000000000016915000000000000000000000000000000010920110209201100000209201100000000000000000000000000000000000000000000000000000000000000000000       
1040001300003T 060000000838500000000   240000000000044842100000000000000010092011000000000018576000031200000000000000000          090000000000000000                                                  000000000000161020101                     
1040001300004U 06000000000000000000000000003344000000000000000000000000000000000000000015232000000000015232000000000000000000000000000000010920110209201100000209201100000000000000000000000000000000000000000000000000000000000000000000       
1040001300005T 060000000838500000000   240000000000065963100000000000000030082011000000000020500000017390000000000000000          090000000000000000                                                  000000000000161020101                     
1040001300006U 06000000000000546000000000000000000000000000000000000000000000000000000021046000000000021046000000000000000000000000000000010920110209201100000209201100000000000000000000000000000000000000000000000000000000000000000000       
1040001300007T 060000000838500000000   240000000000076485100000000000000010092011000000000020500000006710000000000000000          090000000000000000                                                  000000000000161020101                     
1040001300008U 06000000000000000000000000004715000000000000000000000000000000000000000015785000000000015785000000000000000000000000000000010920110209201100000209201100000000000000000000000000000000000000000000000000000000000000000000       
1040001300009T 280000000838500000000                     0               00000000000000000000000000000000                         000000000000000000                                                  0000000000000260000000000                 
1040001300010U 280000000000000000000000000000000000000000000000000000000000000000000000000000000000000000000000000000000000000000000000000109201100000000000001092011000000000000000                              000                           
10400015         00001200000000000000000000000000000000000000000000000000000000000000000000000000000000000000000000                                                                                                                             
10499999         000001000014                                                                                                                                                                                                                   
