10400000         2116738870001030000000000000000000001521025051200000000RAIZA CARVALHO PEREIRA        C ECON FEDERAL                          21901201101380800000404000000                    RETORNO-PRODUCAO                  000            
10400011T0100030 20116738870001030000000000000000000001521025051200000000RAIZA CARVALHO PEREIRA                                                                                        00000004190120110000000000                          00   
1040001300001T 060000002505120000000   249000000000001056100000000000000019012011000000000000100000015210000000000000000          090000000000000000                                                  000000000000161020101                     
1040001300002U 06000000000000000000000000000000000000000000000000000000000000000000000000100000000000000100000000000000000000000000000000190120112001201100002001201100000000000000000000000000000000000000000000000000000000000000000000       
10400015         00000400000000000000000000000000000000000000000000000000000000000000000000000000000000000000000000                                                                                                                             
10499999         000001000006                                                                                                                                                                                                                   
