10400000         2023354550001930000000000000000000001521008385000000000CENTRO DE FORMACAO DE ENFERMAGC ECON FEDERAL                          23108201101261200055904000000                    RETORNO-PRODUCAO                  000            
10400011T0100030 20023354550001930000000000000000000001521008385000000000CENTRO DE FORMACAO DE ENFERMAG                                                                                00000559310820110000000000                          00   
1040001300001T 060000000838500000000   240000000000075969100000000000000010092011000000000020500000000270000000000000000          090000000000000000                                                  000000000000161020101                     
1040001300002U 06000000000000000000000000004715000000000000000000000000000000000000000015785000000000015785000000000000000000000000000000310820110109201100000109201100000000000000000000000000000000000000000000000000000000000000000000       
1040001300003T 060000000838500000000   1400000000025049401               31082011000000000019900000006710                         090000000000000000                                                  000000000000161020101                     
1040001300004U 06000000000000000000000000002985000000000000000000000000000000000000000016915000000000016915000000000000000000000000000000310820110109201100000109201100000000000000000000000000000000000000000000000000000000000000000000       
1040001300005T 060000000838500000000   240000000000032747100000000000000030082011000000000017820000000270000000000000000          090000000000000000                                                  000000000000161020101                     
1040001300006U 06000000000000415000000000000000000000000000000000000000000000000000000018235000000000018235000000000000000000000000000000310820110109201100000109201100000000000000000000000000000000000000000000000000000000000000000000       
1040001300007T 060000000838500000000   1400000000023517011               31082011000000000019900000000270                         090000000000000000                                                  000000000000161020101                     
1040001300008U 06000000000000000000000000001599000000000000000000000000000000000000000018301000000000018301000000000000000000000000000000310820110109201100000109201100000000000000000000000000000000000000000000000000000000000000000000       
1040001300009T 060000000838500000000   240000000000072498100000000000000030082011000000000002500000031200000000000000000          090000000000000000                                                  000000000000161020101                     
1040001300010U 06000000000000058000000000000000000000000000000000000000000000000000000002558000000000002558000000000000000000000000000000310820110109201100000109201100000000000000000000000000000000000000000000000000000000000000000000       
1040001300011T 060000000838500000000   1400000000023593971               30092011000000000020062000015210                         090000000000000000                                                  000000000000161020101                     
1040001300012U 06000000000000000000000000001605000000000000000000000000000000000000000018457000000000018457000000000000000000000000000000310820110109201100000109201100000000000000000000000000000000000000000000000000000000000000000000       
1040001300013T 060000000838500000000   240000000000031929100000000000000020092011000000000020500001044430000000000000000          090000000000000000                                                  000000000000326040101                     
1040001300014U 06000000000000000000000000004715000000000000000000000000000000000000000015785000000000015785000000000000000000000000000000310820110109201100000109201100000000000000000000000000000000000000000000000000000000000000000000       
1040001300015T 060000000838500000000   1400000000023019841               31082011000000000018576000015760                         090000000000000000                                                  000000000000149060101                     
1040001300016U 06000000000000000000000000001486000000000000000000000000000000000000000017090000000000017090000000000000000000000000000000310820110109201100000109201100000000000000000000000000000000000000000000000000000000000000000000       
1040001300017T 280000000838500000000                     0               00000000000000000000000000000000                         000000000000000000                                                  0000000000001040000000000                 
1040001300018U 280000000000000000000000000000000000000000000000000000000000000000000000000000000000000000000000000000000000000000000000003108201100000000000031082011000000000000000                              000                           
10400015         00002000000000000000000000000000000000000000000000000000000000000000000000000000000000000000000000                                                                                                                             
10499999         000001000022                                                                                                                                                                                                                   
