10400000         2023354550001930000000000000000000001521008385000000000CENTRO DE FORMACAO DE ENFERMAGC ECON FEDERAL                          20509201102135200056204000000                    RETORNO-PRODUCAO                  000            
10400011T0100030 20023354550001930000000000000000000001521008385000000000CENTRO DE FORMACAO DE ENFERMAG                                                                                00000562050920110000000000                          00   
1040001300001T 060000000838500000000   1400000000000259201               10082011000000000020500000016490                         090000000000000000                                                  000000000000161020101                     
1040001300002U 06000000000002042000000000000000000000000000000000000000000000000000000022542000000000022542000000000000000000000000000000050920110609201100000609201100000000000000000000000000000000000000000000000000000000000000000000       
1040001300003T 060000000838500000000   1400000000023602981               10092011000000000022140001014140                         090000000000000000                                                  000000000000326040101                     
1040001300004U 06000000000000000000000000001771000000000000000000000000000000000000000020369000000000020369000000000000000000000000000000050920110609201100000609201100000000000000000000000000000000000000000000000000000000000000000000       
1040001300005T 060000000838500000000   240000000000059246100000000000000010092011000000000020500237013190000000000000000          090000000000000000                                                  000000000000326040101                     
1040001300006U 06000000000000000000000000003485000000000000000000000000000000000000000017015000000000017015000000000000000000000000000000050920110609201100000609201100000000000000000000000000000000000000000000000000000000000000000000       
1040001300007T 060000000838500000000   240000000000032976100000000000000020092011000000000018576000013070000000000000000          090000000000000000                                                  000000000000161020101                     
1040001300008U 06000000000000000000000000003344000000000000000000000000000000000000000015232000000000015232000000000000000000000000000000050920110609201100000609201100000000000000000000000000000000000000000000000000000000000000000000       
1040001300009T 060000000838500000000   240000000000035754100000000000000030092011000000000020500000000270000000000000000          090000000000000000                                                  000000000000161020101                     
1040001300010U 06000000000000000000000000001640000000000000000000000000000000000000000018860000000000018860000000000000000000000000000000050920110609201100000609201100000000000000000000000000000000000000000000000000000000000000000000       
1040001300011T 060000000838500000000   1400000000024111601               10092011000000000019246001029530                         090000000000000000                                                  000000000000326040101                     
1040001300012U 06000000000000000000000000001540000000000000000000000000000000000000000017706000000000017706000000000000000000000000000000050920110609201100000609201100000000000000000000000000000000000000000000000000000000000000000000       
1040001300013T 060000000838500000000   240000000000032984100000000000000020102011000000000018576000013070000000000000000          090000000000000000                                                  000000000000161020101                     
1040001300014U 06000000000000000000000000003344000000000000000000000000000000000000000015232000000000015232000000000000000000000000000000050920110609201100000609201100000000000000000000000000000000000000000000000000000000000000000000       
1040001300015T 060000000838500000000   1400000000025583221               10092011000000000019900001018780                         090000000000000000                                                  000000000000326040101                     
1040001300016U 06000000000000000000000000002985000000000000000000000000000000000000000016915000000000016915000000000000000000000000000000050920110609201100000609201100000000000000000000000000000000000000000000000000000000000000000000       
1040001300017T 060000000838500000000   240000000000074792100000000000000010092011000000000002500237013190000000000000000          090000000000000000                                                  000000000000326040101                     
1040001300018U 06000000000000000000000000000000000000000000000000000000000000000000000002500000000000002500000000000000000000000000000000050920110609201100000609201100000000000000000000000000000000000000000000000000000000000000000000       
1040001300019T 060000000838500000000   240000000000045962100000000000000020082011000000000002500000000270000000000000000          090000000000000000                                                  000000000000161020101                     
1040001300020U 06000000000000000000000000000000000000000000000000000000000000000000000002500000000000002500000000000000000000000000000000050920110609201100000609201100000000000000000000000000000000000000000000000000000000000000000000       
1040001300021T 060000000838500000000   240000000000077775100000000000000010092011000000000018576000015210000000000000000          090000000000000000                                                  000000000000161020101                     
1040001300022U 06000000000000000000000000003344000000000000000000000000000000000000000015232000000000015232000000000000000000000000000000050920110609201100000609201100000000000000000000000000000000000000000000000000000000000000000000       
1040001300023T 060000000838500000000   240000000000042840100000000000000010092011000000000018576000000270000000000000000          090000000000000000                                                  000000000000161020101                     
1040001300024U 06000000000000000000000000001486000000000000000000000000000000000000000017090000000000017090000000000000000000000000000000050920110609201100000609201100000000000000000000000000000000000000000000000000000000000000000000       
1040001300025T 060000000838500000000   1400000000000195991               10092011000000000020500000000270                         090000000000000000                                                  000000000000161020101                     
1040001300026U 06000000000000000000000000004715000000000000000000000000000000000000000015785000000000015785000000000000000000000000000000050920110609201100000609201100000000000000000000000000000000000000000000000000000000000000000000       
1040001300027T 280000000838500000000                     0               00000000000000000000000000000000                         000000000000000000                                                  0000000000001300000000000                 
1040001300028U 280000000000000000000000000000000000000000000000000000000000000000000000000000000000000000000000000000000000000000000000000509201100000000000005092011000000000000000                              000                           
10400015         00003000000000000000000000000000000000000000000000000000000000000000000000000000000000000000000000                                                                                                                             
10499999         000001000032                                                                                                                                                                                                                   
