10400000         2023354550001930000000000000000000001521008385000000000CENTRO DE FORMACAO DE ENFERMAGC ECON FEDERAL                          20209201101334600056104000000                    RETORNO-PRODUCAO                  000            
10400011T0100030 20023354550001930000000000000000000001521008385000000000CENTRO DE FORMACAO DE ENFERMAG                                                                                00000561020920110000000000                          00   
1040001300001T 060000000838500000000   1400000000023568351               10092011000000000017820000039580                         090000000000000000                                                  000000000000320030100                     
1040001300002U 06000000000000000000000000000891000000000000000000000000000000000000000016929000000000016929000000000000000000000000000000020920110209201100000209201100000000000000000000000000000000000000000000000000000000000000000000       
1040001300003T 060000000838500000000   240000000000041363100000000000000010092011000000000018576237034210000000000000000          090000000000000000                                                  000000000000326040101                     
1040001300004U 06000000000000000000000000000000000000000000000000000000000000000000000018576000000000018576000000000000000000000000000000020920110509201100000509201100000000000000000000000000000000000000000000000000000000000000000000       
1040001300005T 060000000838500000000   1400000000025002511               10092011000000000019246000015210                         090000000000000000                                                  000000000000161020101                     
1040001300006U 06000000000000000000000000002887000000000000000000000000000000000000000016359000000000016359000000000000000000000000000000020920110509201100000509201100000000000000000000000000000000000000000000000000000000000000000000       
1040001300007T 060000000838500000000   240000000000069446100000000000000010092011000000000020500237010370000000000000000          090000000000000000                                                  000000000000326040101                     
1040001300008U 06000000000000000000000000004715000000000000000000000000000000000000000015785000000000015785000000000000000000000000000000020920110509201100000509201100000000000000000000000000000000000000000000000000000000000000000000       
1040001300009T 280000000838500000000                     0               00000000000000000000000000000000                         000000000000000000                                                  0000000000000520000000000                 
1040001300010U 280000000000000000000000000000000000000000000000000000000000000000000000000000000000000000000000000000000000000000000000000209201100000000000002092011000000000000000                              000                           
10400015         00001200000000000000000000000000000000000000000000000000000000000000000000000000000000000000000000                                                                                                                             
10499999         000001000014                                                                                                                                                                                                                   
