10400000         2023354550001930000000000000000000001521008385000000000CENTRO DE FORMACAO DE ENFERMAGC ECON FEDERAL                          20609201101303000056304000000                    RETORNO-PRODUCAO                  000            
10400011T0100030 20023354550001930000000000000000000001521008385000000000CENTRO DE FORMACAO DE ENFERMAG                                                                                00000563060920110000000000                          00   
1040001300001T 060000000838500000000   240000000000070339100000000000000020082011000000000020500000013070000000000000000          090000000000000000                                                  000000000000320030100                     
1040001300002U 06000000000001566000000000000000000000000000000000000000000000000000000022066000000000022066000000000000000000000000000000060920110609201100000609201100000000000000000000000000000000000000000000000000000000000000000000       
1040001300003T 060000000838500000000   240000000000072455100000000000000010082011000000000002500000015210000000000000000          090000000000000000                                                  000000000000161020101                     
1040001300004U 06000000000000000000000000000000000000000000000000000000000000000000000002500000000000002500000000000000000000000000000000060920110809201100000809201100000000000000000000000000000000000000000000000000000000000000000000       
1040001300005T 060000000838500000000   240000000000059890100000000000000010092011000000000018576000017390000000000000000          090000000000000000                                                  000000000000161020101                     
1040001300006U 06000000000000000000000000003344000000000000000000000000000000000000000015232000000000015232000000000000000000000000000000060920110809201100000809201100000000000000000000000000000000000000000000000000000000000000000000       
1040001300007T 060000000838500000000   240000000000061372100000000000000010092011000000000018576000000270000000000000000          090000000000000000                                                  000000000000161020101                     
1040001300008U 06000000000000000000000000001486000000000000000000000000000000000000000017090000000000017090000000000000000000000000000000060920110809201100000809201100000000000000000000000000000000000000000000000000000000000000000000       
1040001300009T 060000000838500000000   240000000000073451100000000000000010112011000000000002500000015210000000000000000          090000000000000000                                                  000000000000161020101                     
1040001300010U 06000000000000000000000000000000000000000000000000000000000000000000000002500000000000002500000000000000000000000000000000060920110809201100000809201100000000000000000000000000000000000000000000000000000000000000000000       
1040001300011T 060000000838500000000  9000000000000012519100000000000000030082011000000000018576000015760000000000000000          090000000000000000                                                  000000000000161020101                     
1040001300012U 06000000000000738000000000000000000000000000000000000000000000000000000019314000000000019314000000000000000000000000000000060920110809201100000809201100000000000000000000000000000000000000000000000000000000000000000000       
1040001300013T 060000000838500000000   240000000000035274100000000000000010092011000000000015000000015770000000000000000          090000000000000000                                                  000000000000161020101                     
1040001300014U 06000000000000000000000000001800000000000000000000000000000000000000000013200000000000013200000000000000000000000000000000060920110809201100000809201100000000000000000000000000000000000000000000000000000000000000000000       
1040001300015T 060000000838500000000   240000000000047574100000000000000010102011000000000002500237026170000000000000000          090000000000000000                                                  000000000000326040101                     
1040001300016U 06000000000000000000000000000000000000000000000000000000000000000000000002500000000000002500000000000000000000000000000000060920110809201100000809201100000000000000000000000000000000000000000000000000000000000000000000       
1040001300017T 060000000838500000000   1400000000025219331               10092011000000000022140000015760                         090000000000000000                                                  000000000000161020101                     
1040001300018U 06000000000000000000000000003321000000000000000000000000000000000000000018819000000000018819000000000000000000000000000000060920110809201100000809201100000000000000000000000000000000000000000000000000000000000000000000       
1040001300019T 060000000838500000000   1400000000025872841               10092011000000000021935000017390                         090000000000000000                                                  000000000000161020101                     
1040001300020U 06000000000000000000000000003071000000000000000000000000000000000000000018864000000000018864000000000000000000000000000000060920110809201100000809201100000000000000000000000000000000000000000000000000000000000000000000       
1040001300021T 060000000838500000000   1400000000025886121               10092011000000000018576000015210                         090000000000000000                                                  000000000000161020101                     
1040001300022U 06000000000000000000000000001486000000000000000000000000000000000000000017090000000000017090000000000000000000000000000000060920110809201100000809201100000000000000000000000000000000000000000000000000000000000000000000       
1040001300023T 060000000838500000000   1400000000023491381               10092011000000000019900000013070                         090000000000000000                                                  000000000000161020101                     
1040001300024U 06000000000000000000000000002985000000000000000000000000000000000000000016915000000000016915000000000000000000000000000000060920110809201100000809201100000000000000000000000000000000000000000000000000000000000000000000       
1040001300025T 060000000838500000000   1400000000022333421               20082011000000000018576000015210                         090000000000000000                                                  000000000000161020101                     
1040001300026U 06000000000000932000000000000000000000000000000000000000000000000000000019508000000000019508000000000000000000000000000000060920110809201100000809201100000000000000000000000000000000000000000000000000000000000000000000       
1040001300027T 060000000838500000000   240000000000029444100000000000000010092011000000000020500237026170000000000000000          090000000000000000                                                  000000000000326040101                     
1040001300028U 06000000000000000000000000004715000000000000000000000000000000000000000015785000000000015785000000000000000000000000000000060920110809201100000809201100000000000000000000000000000000000000000000000000000000000000000000       
1040001300029T 060000000838500000000   1400000000025874701               10092011000000000020500000031200                         090000000000000000                                                  000000000000161020101                     
1040001300030U 06000000000000000000000000004715000000000000000000000000000000000000000015785000000000015785000000000000000000000000000000060920110809201100000809201100000000000000000000000000000000000000000000000000000000000000000000       
1040001300031T 060000000838500000000   1400000000025875941               10092011000000000021935000000270                         090000000000000000                                                  000000000000161020101                     
1040001300032U 06000000000000000000000000004168000000000000000000000000000000000000000017767000000000017767000000000000000000000000000000060920110809201100000809201100000000000000000000000000000000000000000000000000000000000000000000       
1040001300033T 060000000838500000000   1400000000023336571               10092011000000000019246000017390                         090000000000000000                                                  000000000000161020101                     
1040001300034U 06000000000000000000000000002887000000000000000000000000000000000000000016359000000000016359000000000000000000000000000000060920110809201100000809201100000000000000000000000000000000000000000000000000000000000000000000       
1040001300035T 060000000838500000000   1400000000023025571               20092011000000000018576001014140                         090000000000000000                                                  000000000000326040101                     
1040001300036U 06000000000000000000000000001486000000000000000000000000000000000000000017090000000000017090000000000000000000000000000000060920110809201100000809201100000000000000000000000000000000000000000000000000000000000000000000       
1040001300037T 060000000838500000000   1400000000025159171               31082011000000000019900000020630                         090000000000000000                                                  000000000000161020101                     
1040001300038U 06000000000000794000000000000000000000000000000000000000000000000000000020694000000000020694000000000000000000000000000000060920110809201100000809201100000000000000000000000000000000000000000000000000000000000000000000       
1040001300039T 060000000838500000000   1400000000025899881               10092011000000000015000000015760                         090000000000000000                                                  000000000000161020101                     
1040001300040U 06000000000000000000000000001200000000000000000000000000000000000000000013800000000000013800000000000000000000000000000000060920110809201100000809201100000000000000000000000000000000000000000000000000000000000000000000       
1040001300041T 060000000838500000000   1400000000025241341               10092011000000000022140000015210                         090000000000000000                                                  000000000000161020101                     
1040001300042U 06000000000000000000000000001771000000000000000000000000000000000000000020369000000000020369000000000000000000000000000000060920110809201100000809201100000000000000000000000000000000000000000000000000000000000000000000       
1040001300043T 060000000838500000000   1400000000025011341               20092011000000000019246000000270                         090000000000000000                                                  000000000000161020101                     
1040001300044U 06000000000000000000000000002887000000000000000000000000000000000000000016359000000000016359000000000000000000000000000000060920110809201100000809201100000000000000000000000000000000000000000000000000000000000000000000       
1040001300045T 060000000838500000000   240000000000027182100000000000000020082011000000000018576000015760000000000000000          090000000000000000                                                  000000000000161020101                     
1040001300046U 06000000000001409000000000000000000000000000000000000000000000000000000019985000000000019985000000000000000000000000000000060920110809201100000809201100000000000000000000000000000000000000000000000000000000000000000000       
1040001300047T 280000000838500000000                     0               00000000000000000000000000000000                         000000000000000000                                                  0000000000003380000000000                 
1040001300048U 280000000000000000000000000000000000000000000000000000000000000000000000000000000000000000000000000000000000000000000000000609201100000000000006092011000000000000000                              000                           
10400015         00005000000000000000000000000000000000000000000000000000000000000000000000000000000000000000000000                                                                                                                             
10499999         000001000052                                                                                                                                                                                                                   
