10400000         2023354550001930000000000000000000001521008385000000000CENTRO DE FORMACAO DE ENFERMAGC ECON FEDERAL                          21209201102191400056604000000                    RETORNO-PRODUCAO                  000            
10400011T0100030 20023354550001930000000000000000000001521008385000000000CENTRO DE FORMACAO DE ENFERMAG                                                                                00000566120920110000000000                          00   
1040001300001T 060000000838500000000   1400000000023023791               10092011000000000018576000006710                         090000000000000000                                                  000000000000320030100                     
1040001300002U 06000000000000000000000000000000000000000000000000000000000000000000000018576000000000018576000000000000000000000000000000120920111209201100001209201100000000000000000000000000000000000000000000000000000000000000000000       
1040001300003T 060000000838500000000   1400000000025020681               10092011000000000019900000014130                         090000000000000000                                                  000000000000161020101                     
1040001300004U 06000000000000000000000000001592000000000000000000000000000000000000000018308000000000018308000000000000000000000000000000120920111309201100001309201100000000000000000000000000000000000000000000000000000000000000000000       
1040001300005T 060000000838500000000   1400000000025088051               10092011000000000019900000015760                         090000000000000000                                                  000000000000161020101                     
1040001300006U 06000000000000000000000000001592000000000000000000000000000000000000000018308000000000018308000000000000000000000000000000120920111309201100001309201100000000000000000000000000000000000000000000000000000000000000000000       
1040001300007T 060000000838500000000   1400000000022917501               10092011000000000018576237010370                         090000000000000000                                                  000000000000326040101                     
1040001300008U 06000000000000000000000000003344000000000000000000000000000000000000000015232000000000015232000000000000000000000000000000120920111309201100001309201100000000000000000000000000000000000000000000000000000000000000000000       
1040001300009T 060000000838500000000   1400000000025154291               20082011000000000018500000015760                         090000000000000000                                                  000000000000161020101                     
1040001300010U 06000000000001773000000000000000000000000000000000000000000000000000000020273000000000020273000000000000000000000000000000120920111309201100001309201100000000000000000000000000000000000000000000000000000000000000000000       
1040001300011T 060000000838500000000   1400000000025236931               10092011000000000022140000000270                         090000000000000000                                                  000000000000161020101                     
1040001300012U 06000000000000000000000000001771000000000000000000000000000000000000000020369000000000020369000000000000000000000000000000120920111309201100001309201100000000000000000000000000000000000000000000000000000000000000000000       
1040001300013T 060000000838500000000   1400000000025878881               20092011000000000021935000000270                         090000000000000000                                                  000000000000161020101                     
1040001300014U 06000000000000000000000000001974000000000000000000000000000000000000000019961000000000019961000000000000000000000000000000120920111309201100001309201100000000000000000000000000000000000000000000000000000000000000000000       
1040001300015T 060000000838500000000   240000000000016059100000000000000010092011000000000020500000015760000000000000000          090000000000000000                                                  000000000000161020101                     
1040001300016U 06000000000000000000000000004715000000000000000000000000000000000000000015785000000000015785000000000000000000000000000000120920111309201100001309201100000000000000000000000000000000000000000000000000000000000000000000       
1040001300017T 060000000838500000000   1400000000025598841               10092011000000000019900237013900                         090000000000000000                                                  000000000000326040101                     
1040001300018U 06000000000000000000000000001592000000000000000000000000000000000000000018308000000000018308000000000000000000000000000000120920111309201100001309201100000000000000000000000000000000000000000000000000000000000000000000       
1040001300019T 060000000838500000000   1400000000025692351               10092011000000000020062000017390                         090000000000000000                                                  000000000000161020101                     
1040001300020U 06000000000000000000000000001605000000000000000000000000000000000000000018457000000000018457000000000000000000000000000000120920111309201100001309201100000000000000000000000000000000000000000000000000000000000000000000       
1040001300021T 060000000838500000000   1400000000025874201               10092011000000000021935000006710                         090000000000000000                                                  000000000000161020101                     
1040001300022U 06000000000000000000000000003071000000000000000000000000000000000000000018864000000000018864000000000000000000000000000000120920111309201100001309201100000000000000000000000000000000000000000000000000000000000000000000       
1040001300023T 060000000838500000000   1400000000025874461               10092011000000000021935000015210                         090000000000000000                                                  000000000000161020101                     
1040001300024U 06000000000000000000000000003071000000000000000000000000000000000000000018864000000000018864000000000000000000000000000000120920111309201100001309201100000000000000000000000000000000000000000000000000000000000000000000       
1040001300025T 060000000838500000000   1400000000025876321               10092011000000000021935000015770                         090000000000000000                                                  000000000000161020101                     
1040001300026U 06000000000000000000000000004168000000000000000000000000000000000000000017767000000000017767000000000000000000000000000000120920111309201100001309201100000000000000000000000000000000000000000000000000000000000000000000       
1040001300027T 060000000838500000000   240000000000022504100000000000000010092011000000000020500000015760000000000000000          090000000000000000                                                  000000000000161020101                     
1040001300028U 06000000000000000000000000003485000000000000000000000000000000000000000017015000000000017015000000000000000000000000000000120920111309201100001309201100000000000000000000000000000000000000000000000000000000000000000000       
1040001300029T 060000000838500000000   1400000000025877051               10092011000000000021935237011800                         090000000000000000                                                  000000000000326040101                     
1040001300030U 06000000000000000000000000004168000000000000000000000000000000000000000017767000000000017767000000000000000000000000000000120920111309201100001309201100000000000000000000000000000000000000000000000000000000000000000000       
1040001300031T 060000000838500000000   1400000000025878701               10092011000000000021935000017390                         090000000000000000                                                  000000000000161020101                     
1040001300032U 06000000000000000000000000001974000000000000000000000000000000000000000019961000000000019961000000000000000000000000000000120920111309201100001309201100000000000000000000000000000000000000000000000000000000000000000000       
1040001300033T 060000000838500000000   1400000000022933371               10092011000000000018576000015760                         090000000000000000                                                  000000000000161020101                     
1040001300034U 06000000000000000000000000002229000000000000000000000000000000000000000016347000000000016347000000000000000000000000000000120920111309201100001309201100000000000000000000000000000000000000000000000000000000000000000000       
1040001300035T 060000000838500000000   240000000000025910100000000000000010092011000000000020500000017390000000000000000          090000000000000000                                                  000000000000161020101                     
1040001300036U 06000000000000000000000000004715000000000000000000000000000000000000000015785000000000015785000000000000000000000000000000120920111309201100001309201100000000000000000000000000000000000000000000000000000000000000000000       
1040001300037T 060000000838500000000   240000000000030639100000000000000010092011000000000020500237021210000000000000000          090000000000000000                                                  000000000000326040101                     
1040001300038U 06000000000000000000000000004715000000000000000000000000000000000000000015785000000000015785000000000000000000000000000000120920111309201100001309201100000000000000000000000000000000000000000000000000000000000000000000       
1040001300039T 060000000838500000000   240000000000031724100000000000000010092011000000000020500000000270000000000000000          090000000000000000                                                  000000000000161020101                     
1040001300040U 06000000000000000000000000004715000000000000000000000000000000000000000015785000000000015785000000000000000000000000000000120920111309201100001309201100000000000000000000000000000000000000000000000000000000000000000000       
1040001300041T 060000000838500000000   240000000000032364100000000000000010092011000000000018576000017390000000000000000          090000000000000000                                                  000000000000161020101                     
1040001300042U 06000000000000000000000000003364000000000000000000000000000000000000000015212000000000015212000000000000000000000000000000120920111309201100001309201100000000000000000000000000000000000000000000000000000000000000000000       
1040001300043T 060000000838500000000   240000000000034570100000000000000010092011000000000015000001016380000000000000000          090000000000000000                                                  000000000000326040101                     
1040001300044U 06000000000000000000000000002250000000000000000000000000000000000000000012750000000000012750000000000000000000000000000000120920111309201100001309201100000000000000000000000000000000000000000000000000000000000000000000       
1040001300045T 060000000838500000000   240000000000037064100000000000000010092011000000000018576000017390000000000000000          090000000000000000                                                  000000000000161020101                     
1040001300046U 06000000000000000000000000001486000000000000000000000000000000000000000017090000000000017090000000000000000000000000000000120920111309201100001309201100000000000000000000000000000000000000000000000000000000000000000000       
1040001300047T 060000000838500000000   240000000000037340100000000000000010092011000000000018576000017390000000000000000          090000000000000000                                                  000000000000161020101                     
1040001300048U 06000000000000000000000000001486000000000000000000000000000000000000000017090000000000017090000000000000000000000000000000120920111309201100001309201100000000000000000000000000000000000000000000000000000000000000000000       
1040001300049T 060000000838500000000   240000000000039180100000000000000020092011000000000018576001036490000000000000000          090000000000000000                                                  000000000000326040101                     
1040001300050U 06000000000000000000000000001486000000000000000000000000000000000000000017090000000000017090000000000000000000000000000000120920111309201100001309201100000000000000000000000000000000000000000000000000000000000000000000       
1040001300051T 060000000838500000000   240000000000047280100000000000000010092011000000000020500000031200000000000000000          090000000000000000                                                  000000000000161020101                     
1040001300052U 06000000000000000000000000004715000000000000000000000000000000000000000015785000000000015785000000000000000000000000000000120920111309201100001309201100000000000000000000000000000000000000000000000000000000000000000000       
1040001300053T 060000000838500000000   240000000000048449100000000000000010102011000000000002500000000270000000000000000          090000000000000000                                                  000000000000161020101                     
1040001300054U 06000000000000000000000000000000000000000000000000000000000000000000000002500000000000002500000000000000000000000000000000120920111309201100001309201100000000000000000000000000000000000000000000000000000000000000000000       
1040001300055T 060000000838500000000   240000000000050508100000000000000010092011000000000020500000020630000000000000000          090000000000000000                                                  000000000000161020101                     
1040001300056U 06000000000000000000000000003485000000000000000000000000000000000000000017015000000000017015000000000000000000000000000000120920111309201100001309201100000000000000000000000000000000000000000000000000000000000000000000       
1040001300057T 060000000838500000000   240000000000054112100000000000000010092011000000000020500000015210000000000000000          090000000000000000                                                  000000000000161020101                     
1040001300058U 06000000000000000000000000001640000000000000000000000000000000000000000018860000000000018860000000000000000000000000000000120920111309201100001309201100000000000000000000000000000000000000000000000000000000000000000000       
1040001300059T 060000000838500000000   240000000000055461100000000000000020092011000000000020500000039580000000000000000          090000000000000000                                                  000000000000161020101                     
1040001300060U 06000000000000000000000000004715000000000000000000000000000000000000000015785000000000015785000000000000000000000000000000120920111309201100001309201100000000000000000000000000000000000000000000000000000000000000000000       
1040001300061T 060000000838500000000   240000000000062948100000000000000010092011000000000018576000015760000000000000000          090000000000000000                                                  000000000000161020101                     
1040001300062U 06000000000000000000000000001486000000000000000000000000000000000000000017090000000000017090000000000000000000000000000000120920111309201100001309201100000000000000000000000000000000000000000000000000000000000000000000       
1040001300063T 060000000838500000000   240000000000068679100000000000000010092011000000000020500000015760000000000000000          090000000000000000                                                  000000000000161020101                     
1040001300064U 06000000000000000000000000004715000000000000000000000000000000000000000015785000000000015785000000000000000000000000000000120920111309201100001309201100000000000000000000000000000000000000000000000000000000000000000000       
1040001300065T 060000000838500000000   240000000000068784100000000000000010092011000000000020500000016490000000000000000          090000000000000000                                                  000000000000161020101                     
1040001300066U 06000000000000000000000000004715000000000000000000000000000000000000000015785000000000015785000000000000000000000000000000120920111309201100001309201100000000000000000000000000000000000000000000000000000000000000000000       
1040001300067T 060000000838500000000   240000000000074130100000000000000010092011000000000002500001029720000000000000000          090000000000000000                                                  000000000000326040101                     
1040001300068U 06000000000000000000000000000000000000000000000000000000000000000000000002500000000000002500000000000000000000000000000000120920111309201100001309201100000000000000000000000000000000000000000000000000000000000000000000       
1040001300069T 060000000838500000000   240000000000074407100000000000000010092011000000000002500001036490000000000000000          090000000000000000                                                  000000000000326040101                     
1040001300070U 06000000000000000000000000000000000000000000000000000000000000000000000002500000000000002500000000000000000000000000000000120920111309201100001309201100000000000000000000000000000000000000000000000000000000000000000000       
1040001300071T 060000000838500000000   240000000000075608100000000000000030092011000000000020500000032730000000000000000          090000000000000000                                                  000000000000149060101                     
1040001300072U 06000000000000000000000000004715000000000000000000000000000000000000000015785000000000015785000000000000000000000000000000120920111309201100001309201100000000000000000000000000000000000000000000000000000000000000000000       
1040001300073T 060000000838500000000   240000000000078305100000000000000010092011000000000018576000032730000000000000000          090000000000000000                                                  000000000000161020101                     
1040001300074U 06000000000000000000000000003344000000000000000000000000000000000000000015232000000000015232000000000000000000000000000000120920111309201100001309201100000000000000000000000000000000000000000000000000000000000000000000       
1040001300075T 060000000838500000000   240000000000080172100000000000000010092011000000000018576000000270000000000000000          090000000000000000                                                  000000000000161020101                     
1040001300076U 06000000000000000000000000002229000000000000000000000000000000000000000016347000000000016347000000000000000000000000000000120920111309201100001309201100000000000000000000000000000000000000000000000000000000000000000000       
1040001300077T 060000000838500000000   240000000000081225100000000000000010092011000000000018576000015760000000000000000          090000000000000000                                                  000000000000161020101                     
1040001300078U 06000000000000000000000000001486000000000000000000000000000000000000000017090000000000017090000000000000000000000000000000120920111309201100001309201100000000000000000000000000000000000000000000000000000000000000000000       
1040001300079T 280000000838500000000                     0               00000000000000000000000000000000                         000000000000000000                                                  0000000000003900000000000                 
1040001300080U 280000000000000000000000000000000000000000000000000000000000000000000000000000000000000000000000000000000000000000000000001209201100000000000012092011000000000000000                              000                           
10400015         00008200000000000000000000000000000000000000000000000000000000000000000000000000000000000000000000                                                                                                                             
10499999         000001000084                                                                                                                                                                                                                   
