10400000         2023354550001930000000000000000000001521008385000000000CENTRO DE FORMACAO DE ENFERMAGC ECON FEDERAL                          20909201101371800056504000000                    RETORNO-PRODUCAO                  000            
10400011T0100030 20023354550001930000000000000000000001521008385000000000CENTRO DE FORMACAO DE ENFERMAG                                                                                00000565090920110000000000                          00   
1040001300001T 060000000838500000000   1400000000000209451               20082011000000000020500000017390                         090000000000000000                                                  000000000000161020101                     
1040001300002U 06000000000002180000000000000000000000000000000000000000000000000000000022680000000000022680000000000000000000000000000000090920111209201100001209201100000000000000000000000000000000000000000000000000000000000000000000       
1040001300003T 060000000838500000000   1400000000022859891               10092011000000000020500000017390                         090000000000000000                                                  000000000000161020101                     
1040001300004U 06000000000000000000000000004715000000000000000000000000000000000000000015785000000000015785000000000000000000000000000000090920111209201100001209201100000000000000000000000000000000000000000000000000000000000000000000       
1040001300005T 060000000838500000000   1400000000022931401               31082011000000000017820000020630                         090000000000000000                                                  000000000000161020101                     
1040001300006U 06000000000000356000000000000000000000000000000000000000000000000000000018176000000000018176000000000000000000000000000000090920111209201100001209201100000000000000000000000000000000000000000000000000000000000000000000       
1040001300007T 060000000838500000000   1400000000023406451               10092011000000000019900000015210                         090000000000000000                                                  000000000000161020101                     
1040001300008U 06000000000000000000000000002985000000000000000000000000000000000000000016915000000000016915000000000000000000000000000000090920111209201100001209201100000000000000000000000000000000000000000000000000000000000000000000       
1040001300009T 060000000838500000000   1400000000023492271               31082011000000000019900000014130                         090000000000000000                                                  000000000000161020101                     
1040001300010U 06000000000000926000000000000000000000000000000000000000000000000000000020826000000000020826000000000000000000000000000000090920111209201100001209201100000000000000000000000000000000000000000000000000000000000000000000       
1040001300011T 060000000838500000000   1400000000023506081               10092011000000000019900000015760                         090000000000000000                                                  000000000000161020101                     
1040001300012U 06000000000000000000000000001592000000000000000000000000000000000000000018308000000000018308000000000000000000000000000000090920111209201100001209201100000000000000000000000000000000000000000000000000000000000000000000       
1040001300013T 060000000838500000000   1400000000023526001               10092011000000000019900000015760                         090000000000000000                                                  000000000000161020101                     
1040001300014U 06000000000000000000000000001592000000000000000000000000000000000000000018308000000000018308000000000000000000000000000000090920111209201100001209201100000000000000000000000000000000000000000000000000000000000000000000       
1040001300015T 060000000838500000000   1400000000023586171               10092011000000000022140001044450                         090000000000000000                                                  000000000000326040101                     
1040001300016U 06000000000000000000000000001771000000000000000000000000000000000000000020369000000000020369000000000000000000000000000000090920111209201100001209201100000000000000000000000000000000000000000000000000000000000000000000       
1040001300017T 060000000838500000000   1400000000023587221               10092011000000000020062000000270                         090000000000000000                                                  000000000000161020101                     
1040001300018U 06000000000000000000000000001605000000000000000000000000000000000000000018457000000000018457000000000000000000000000000000090920111209201100001209201100000000000000000000000000000000000000000000000000000000000000000000       
1040001300019T 060000000838500000000   1400000000024108301               10092011000000000019246001016130                         090000000000000000                                                  000000000000326040101                     
1040001300020U 06000000000000000000000000001540000000000000000000000000000000000000000017706000000000017706000000000000000000000000000000090920111209201100001209201100000000000000000000000000000000000000000000000000000000000000000000       
1040001300021T 060000000838500000000   1400000000024158231               20092011000000000020062000000270                         090000000000000000                                                  000000000000161020101                     
1040001300022U 06000000000000000000000000001605000000000000000000000000000000000000000018457000000000018457000000000000000000000000000000090920111209201100001209201100000000000000000000000000000000000000000000000000000000000000000000       
1040001300023T 060000000838500000000   1400000000025006931               10092011000000000019246000015770                         090000000000000000                                                  000000000000161020101                     
1040001300024U 06000000000000000000000000002887000000000000000000000000000000000000000016359000000000016359000000000000000000000000000000090920111209201100001209201100000000000000000000000000000000000000000000000000000000000000000000       
1040001300025T 060000000838500000000   1400000000025016811               10092011000000000019246000014050                         090000000000000000                                                  000000000000161020101                     
1040001300026U 06000000000000000000000000002887000000000000000000000000000000000000000016359000000000016359000000000000000000000000000000090920111209201100001209201100000000000000000000000000000000000000000000000000000000000000000000       
1040001300027T 060000000838500000000   1400000000025046721               10092011000000000019900000000270                         090000000000000000                                                  000000000000161020101                     
1040001300028U 06000000000000000000000000002885000000000000000000000000000000000000000017015000000000017015000000000000000000000000000000090920111209201100001209201100000000000000000000000000000000000000000000000000000000000000000000       
1040001300029T 060000000838500000000   1400000000025256701               10092011000000000019900001000220                         090000000000000000                                                  000000000000326040101                     
1040001300030U 06000000000000000000000000002985000000000000000000000000000000000000000016915000000000016915000000000000000000000000000000090920111209201100001209201100000000000000000000000000000000000000000000000000000000000000000000       
1040001300031T 060000000838500000000   1400000000025262261               10092011000000000019900237013190                         090000000000000000                                                  000000000000326040101                     
1040001300032U 06000000000000000000000000002985000000000000000000000000000000000000000016915000000000016915000000000000000000000000000000090920111209201100001209201100000000000000000000000000000000000000000000000000000000000000000000       
1040001300033T 060000000838500000000   1400000000025282021               10092011000000000020062000014130                         090000000000000000                                                  000000000000161020101                     
1040001300034U 06000000000000000000000000001605000000000000000000000000000000000000000018457000000000018457000000000000000000000000000000090920111209201100001209201100000000000000000000000000000000000000000000000000000000000000000000       
1040001300035T 060000000838500000000   1400000000025874621               10092011000000000021935000016490                         090000000000000000                                                  000000000000161020101                     
1040001300036U 06000000000000000000000000004168000000000000000000000000000000000000000017767000000000017767000000000000000000000000000000090920111209201100001209201100000000000000000000000000000000000000000000000000000000000000000000       
1040001300037T 060000000838500000000   1400000000025875351               10092011000000000021935000016490                         090000000000000000                                                  000000000000161020101                     
1040001300038U 06000000000000000000000000004168000000000000000000000000000000000000000017767000000000017767000000000000000000000000000000090920111209201100001209201100000000000000000000000000000000000000000000000000000000000000000000       
1040001300039T 060000000838500000000   1400000000025878531               10092011000000000021935000015760                         090000000000000000                                                  000000000000161020101                     
1040001300040U 06000000000000000000000000001974000000000000000000000000000000000000000019961000000000019961000000000000000000000000000000090920111209201100001209201100000000000000000000000000000000000000000000000000000000000000000000       
1040001300041T 060000000838500000000   1400000000025883451               10092011000000000019876000016490                         090000000000000000                                                  000000000000149060101                     
1040001300042U 06000000000000000000000000001789000000000000000000000000000000000000000018087000000000018087000000000000000000000000000000090920111209201100001209201100000000000000000000000000000000000000000000000000000000000000000000       
1040001300043T 060000000838500000000   1400000000025886041               20092011000000000019876000015760                         090000000000000000                                                  000000000000161020101                     
1040001300044U 06000000000000000000000000001789000000000000000000000000000000000000000018087000000000018087000000000000000000000000000000090920111209201100001209201100000000000000000000000000000000000000000000000000000000000000000000       
1040001300045T 060000000838500000000   240000000000034952100000000000000010092011000000000015000000015760000000000000000          090000000000000000                                                  000000000000161020101                     
1040001300046U 06000000000000000000000000001200000000000000000000000000000000000000000013800000000000013800000000000000000000000000000000090920111209201100001209201100000000000000000000000000000000000000000000000000000000000000000000       
1040001300047T 060000000838500000000   240000000000035576100000000000000020092011000000000020500000016490000000000000000          090000000000000000                                                  000000000000161020101                     
1040001300048U 06000000000000000000000000001640000000000000000000000000000000000000000018860000000000018860000000000000000000000000000000090920111209201100001209201100000000000000000000000000000000000000000000000000000000000000000000       
1040001300049T 060000000838500000000   240000000000036769100000000000000010092011000000000018576001016390000000000000000          090000000000000000                                                  000000000000326040101                     
1040001300050U 06000000000000000000000000001486000000000000000000000000000000000000000017090000000000017090000000000000000000000000000000090920111209201100001209201100000000000000000000000000000000000000000000000000000000000000000000       
1040001300051T 060000000838500000000   240000000000048660100000000000000010092011000000000020500000000270000000000000000          090000000000000000                                                  000000000000161020101                     
1040001300052U 06000000000000000000000000004715000000000000000000000000000000000000000015785000000000015785000000000000000000000000000000090920111209201100001209201100000000000000000000000000000000000000000000000000000000000000000000       
1040001300053T 060000000838500000000   240000000000054333100000000000000010092011000000000020500001036490000000000000000          090000000000000000                                                  000000000000326040101                     
1040001300054U 06000000000000000000000000001640000000000000000000000000000000000000000018860000000000018860000000000000000000000000000000090920111209201100001209201100000000000000000000000000000000000000000000000000000000000000000000       
1040001300055T 060000000838500000000   240000000000056336100000000000000020092011000000000002500000017390000000000000000          090000000000000000                                                  000000000000161020101                     
1040001300056U 06000000000000000000000000000000000000000000000000000000000000000000000002500000000000002500000000000000000000000000000000090920111209201100001209201100000000000000000000000000000000000000000000000000000000000000000000       
1040001300057T 060000000838500000000   240000000000059548100000000000000010092011000000000018576000015210000000000000000          090000000000000000                                                  000000000000161020101                     
1040001300058U 06000000000000000000000000003344000000000000000000000000000000000000000015232000000000015232000000000000000000000000000000090920111209201100001209201100000000000000000000000000000000000000000000000000000000000000000000       
1040001300059T 060000000838500000000   240000000000059645100000000000000010092011000000000018576000013070000000000000000          090000000000000000                                                  000000000000161020101                     
1040001300060U 06000000000000000000000000001486000000000000000000000000000000000000000017090000000000017090000000000000000000000000000000090920111209201100001209201100000000000000000000000000000000000000000000000000000000000000000000       
1040001300061T 060000000838500000000   240000000000063057100000000000000010092011000000000018576000015760000000000000000          090000000000000000                                                  000000000000161020101                     
1040001300062U 06000000000000000000000000001486000000000000000000000000000000000000000017090000000000017090000000000000000000000000000000090920111209201100001209201100000000000000000000000000000000000000000000000000000000000000000000       
1040001300063T 060000000838500000000   240000000000063170100000000000000010092011000000000018576000017390000000000000000          090000000000000000                                                  000000000000161020101                     
1040001300064U 06000000000000000000000000001486000000000000000000000000000000000000000017090000000000017090000000000000000000000000000000090920111209201100001209201100000000000000000000000000000000000000000000000000000000000000000000       
1040001300065T 060000000838500000000   240000000000064436100000000000000010092011000000000018576000021510000000000000000          090000000000000000                                                  000000000000161020101                     
1040001300066U 06000000000000000000000000003344000000000000000000000000000000000000000015232000000000015232000000000000000000000000000000090920111209201100001209201100000000000000000000000000000000000000000000000000000000000000000000       
1040001300067T 060000000838500000000   240000000000069225100000000000000010092011000000000020500000013070000000000000000          090000000000000000                                                  000000000000161020101                     
1040001300068U 06000000000000000000000000004715000000000000000000000000000000000000000015785000000000015785000000000000000000000000000000090920111209201100001209201100000000000000000000000000000000000000000000000000000000000000000000       
1040001300069T 060000000838500000000   240000000000070568100000000000000020092011000000000020500000000270000000000000000          090000000000000000                                                  000000000000161020101                     
1040001300070U 06000000000000000000000000004715000000000000000000000000000000000000000015785000000000015785000000000000000000000000000000090920111209201100001209201100000000000000000000000000000000000000000000000000000000000000000000       
1040001300071T 060000000838500000000   240000000000072439100000000000000010082011000000000002500000021510000000000000000          090000000000000000                                                  000000000000161020101                     
1040001300072U 06000000000000000000000000000000000000000000000000000000000000000000000002500000000000002500000000000000000000000000000000090920111209201100001209201100000000000000000000000000000000000000000000000000000000000000000000       
1040001300073T 060000000838500000000   240000000000076647100000000000000010092011000000000020500000015760000000000000000          090000000000000000                                                  000000000000161020101                     
1040001300074U 06000000000000000000000000004715000000000000000000000000000000000000000015785000000000015785000000000000000000000000000000090920111209201100001209201100000000000000000000000000000000000000000000000000000000000000000000       
1040001300075T 060000000838500000000   240000000000076892100000000000000010092011000000000018576000015760000000000000000          090000000000000000                                                  000000000000161020101                     
1040001300076U 06000000000000000000000000003344000000000000000000000000000000000000000015232000000000015232000000000000000000000000000000090920111209201100001209201100000000000000000000000000000000000000000000000000000000000000000000       
1040001300077T 060000000838500000000   240000000000080482100000000000000020092011000000000018576000016490000000000000000          090000000000000000                                                  000000000000161020101                     
1040001300078U 06000000000000000000000000001486000000000000000000000000000000000000000017090000000000017090000000000000000000000000000000090920111209201100001209201100000000000000000000000000000000000000000000000000000000000000000000       
1040001300079T 060000000838500000000   240000000000080814100000000000000010092011000000000018576001016110000000000000000          090000000000000000                                                  000000000000326040101                     
1040001300080U 06000000000000000000000000003344000000000000000000000000000000000000000015232000000000015232000000000000000000000000000000090920111209201100001209201100000000000000000000000000000000000000000000000000000000000000000000       
1040001300081T 280000000838500000000                     0               00000000000000000000000000000000                         000000000000000000                                                  0000000000005720000000000                 
1040001300082U 280000000000000000000000000000000000000000000000000000000000000000000000000000000000000000000000000000000000000000000000000909201100000000000009092011000000000000000                              000                           
10400015         00008400000000000000000000000000000000000000000000000000000000000000000000000000000000000000000000                                                                                                                             
10499999         000001000086                                                                                                                                                                                                                   
