10400000         2023354550001930000000000000000000001521008385000000000CENTRO DE FORMACAO DE ENFERMAGC ECON FEDERAL                          21409201101241400056804000000                    RETORNO-PRODUCAO                  000            
10400011T0100030 20023354550001930000000000000000000001521008385000000000CENTRO DE FORMACAO DE ENFERMAG                                                                                00000568140920110000000000                          00   
1040001300001T 060000000838500000000   1400000000025268701               20082011000000000019900000013070                         090000000000000000                                                  000000000000320030100                     
1040001300002U 06000000000002048000000000000000000000000000000000000000000000000000000021948000000000021948000000000000000000000000000000140920111409201100001409201100000000000000000000000000000000000000000000000000000000000000000000       
1040001300003T 060000000838500000000   1400000000025873901               20092011000000000020500000017390                         090000000000000000                                                  000000000000161020101                     
1040001300004U 06000000000000000000000000000000000000000000000000000000000000000000000020500000000000020500000000000000000000000000000000140920111509201100001509201100000000000000000000000000000000000000000000000000000000000000000000       
1040001300005T 060000000838500000000   1400000000025883531               20092011000000000019876001018780                         090000000000000000                                                  000000000000326040101                     
1040001300006U 06000000000000000000000000000000000000000000000000000000000000000000000019876000000000019876000000000000000000000000000000140920111509201100001509201100000000000000000000000000000000000000000000000000000000000000000000       
1040001300007T 060000000838500000000   1400000000025912141               10092011000000000015000000000270                         090000000000000000                                                  000000000000161020101                     
1040001300008U 06000000000000500000000000000000000000000000000000000000000000000000000015500000000000015500000000000000000000000000000000140920111509201100001509201100000000000000000000000000000000000000000000000000000000000000000000       
1040001300009T 060000000838500000000   1400000000025913971               20092011000000000015000237021210                         090000000000000000                                                  000000000000326040101                     
1040001300010U 06000000000000000000000000001800000000000000000000000000000000000000000013200000000000013200000000000000000000000000000000140920111509201100001509201100000000000000000000000000000000000000000000000000000000000000000000       
1040001300011T 060000000838500000000   1400000000025914351               10092011000000000015000000015760                         090000000000000000                                                  000000000000161020101                     
1040001300012U 06000000000000500000000000000000000000000000000000000000000000000000000015500000000000015500000000000000000000000000000000140920111509201100001509201100000000000000000000000000000000000000000000000000000000000000000000       
1040001300013T 060000000838500000000   1400000000025916721               10092011000000000015000000015760                         090000000000000000                                                  000000000000161020101                     
1040001300014U 06000000000000500000000000000000000000000000000000000000000000000000000015500000000000015500000000000000000000000000000000140920111509201100001509201100000000000000000000000000000000000000000000000000000000000000000000       
1040001300015T 060000000838500000000   240000000000057928100000000000000010092011000000000002500000014130000000000000000          090000000000000000                                                  000000000000161020101                     
1040001300016U 06000000000000082000000000000000000000000000000000000000000000000000000002582000000000002582000000000000000000000000000000140920111509201100001509201100000000000000000000000000000000000000000000000000000000000000000000       
1040001300017T 280000000838500000000                     0               00000000000000000000000000000000                         000000000000000000                                                  0000000000001820000000000                 
1040001300018U 280000000000000000000000000000000000000000000000000000000000000000000000000000000000000000000000000000000000000000000000001409201100000000000014092011000000000000000                              000                           
10400015         00002000000000000000000000000000000000000000000000000000000000000000000000000000000000000000000000                                                                                                                             
10499999         000001000022                                                                                                                                                                                                                   
