10400000         2023354550001930000000000000000000001521008385000000000CENTRO DE FORMACAO DE ENFERMAGC ECON FEDERAL                          21309201102104500056704000000                    RETORNO-PRODUCAO                  000            
10400011T0100030 20023354550001930000000000000000000001521008385000000000CENTRO DE FORMACAO DE ENFERMAG                                                                                00000567130920110000000000                          00   
1040001300001T 060000000838500000000   1400000000025873061               30092011000000000021935000015210                         090000000000000000                                                  000000000000320030100                     
1040001300002U 06000000000000000000000000003071000000000000000000000000000000000000000018864000000000018864000000000000000000000000000000130920111309201100001309201100000000000000000000000000000000000000000000000000000000000000000000       
1040001300003T 060000000838500000000   1400000000025873491               10092011000000000021935000015210                         090000000000000000                                                  000000000000161020101                     
1040001300004U 06000000000000654000000000000000000000000000000000000000000000000000000022589000000000022589000000000000000000000000000000130920111409201100001409201100000000000000000000000000000000000000000000000000000000000000000000       
1040001300005T 060000000838500000000   1400000000025877211               20092011000000000021935000006710                         090000000000000000                                                  000000000000161020101                     
1040001300006U 06000000000000000000000000004168000000000000000000000000000000000000000017767000000000017767000000000000000000000000000000130920111409201100001409201100000000000000000000000000000000000000000000000000000000000000000000       
1040001300007T 060000000838500000000   1400000000025877561               10092011000000000021935000015210                         090000000000000000                                                  000000000000161020101                     
1040001300008U 06000000000000000000000000000000000000000000000000000000000000000000000021935000000000021935000000000000000000000000000000130920111409201100001409201100000000000000000000000000000000000000000000000000000000000000000000       
1040001300009T 060000000838500000000   240000000000033646100000000000000020092011000000000018576000021510000000000000000          090000000000000000                                                  000000000000161020101                     
1040001300010U 06000000000000000000000000003076000000000000000000000000000000000000000015500000000000015500000000000000000000000000000000130920111409201100001409201100000000000000000000000000000000000000000000000000000000000000000000       
1040001300011T 060000000838500000000   240000000000062514100000000000000020092011000000000018576237004080000000000000000          090000000000000000                                                  000000000000326040101                     
1040001300012U 06000000000000000000000000001486000000000000000000000000000000000000000017090000000000017090000000000000000000000000000000130920111409201100001409201100000000000000000000000000000000000000000000000000000000000000000000       
1040001300013T 060000000838500000000   1400000000022448241               30082011000000000020500000017390                         090000000000000000                                                  000000000000161020101                     
1040001300014U 06000000000001362000000000000000000000000000000000000000000000000000000021862000000000021862000000000000000000000000000000130920111409201100001409201100000000000000000000000000000000000000000000000000000000000000000000       
1040001300015T 280000000838500000000                     0               00000000000000000000000000000000                         000000000000000000                                                  0000000000001300000000000                 
1040001300016U 280000000000000000000000000000000000000000000000000000000000000000000000000000000000000000000000000000000000000000000000001309201100000000000013092011000000000000000                              000                           
10400015         00001800000000000000000000000000000000000000000000000000000000000000000000000000000000000000000000                                                                                                                             
10499999         000001000020                                                                                                                                                                                                                   
