10400000         2023354550001930000000000000000000001521008385000000000CENTRO DE FORMACAO DE ENFERMAGC ECON FEDERAL                          21509201101291600056904000000                    RETORNO-PRODUCAO                  000            
10400011T0100030 20023354550001930000000000000000000001521008385000000000CENTRO DE FORMACAO DE ENFERMAG                                                                                00000569150920110000000000                          00   
1040001300001T 060000000838500000000   1400000000025029471               20092011000000000019900000000270                         090000000000000000                                                  000000000000161020101                     
1040001300002U 06000000000000000000000000002985000000000000000000000000000000000000000016915000000000016915000000000000000000000000000000150920111609201100001609201100000000000000000000000000000000000000000000000000000000000000000000       
1040001300003T 060000000838500000000   1400000000025881081               20092011000000000018576000015210                         090000000000000000                                                  000000000000161020101                     
1040001300004U 06000000000000000000000000001486000000000000000000000000000000000000000017090000000000017090000000000000000000000000000000150920111609201100001609201100000000000000000000000000000000000000000000000000000000000000000000       
1040001300005T 060000000838500000000   240000000000032496100000000000000020092011000000000018576237026170000000000000000          090000000000000000                                                  000000000000326040101                     
1040001300006U 06000000000000000000000000005573000000000000000000000000000000000000000013003000000000013003000000000000000000000000000000150920111609201100001609201100000000000000000000000000000000000000000000000000000000000000000000       
1040001300007T 060000000838500000000   1400000000022949701               20092011000000000017820000015210                         090000000000000000                                                  000000000000161020101                     
1040001300008U 06000000000000000000000000001426000000000000000000000000000000000000000016394000000000016394000000000000000000000000000000150920111609201100001609201100000000000000000000000000000000000000000000000000000000000000000000       
1040001300009T 060000000838500000000   1400000000025246811               20092011000000000022140000014130                         090000000000000000                                                  000000000000149060101                     
1040001300010U 06000000000000000000000000001771000000000000000000000000000000000000000020369000000000020369000000000000000000000000000000150920111609201100001609201100000000000000000000000000000000000000000000000000000000000000000000       
1040001300011T 060000000838500000000   1400000000023480341               20092011000000000019900000015210                         090000000000000000                                                  000000000000161020101                     
1040001300012U 06000000000000000000000000002985000000000000000000000000000000000000000016915000000000016915000000000000000000000000000000150920111609201100001609201100000000000000000000000000000000000000000000000000000000000000000000       
1040001300013T 060000000838500000000   1400000000025850601               20092011000000000021935000015210                         090000000000000000                                                  000000000000161020101                     
1040001300014U 06000000000000000000000000004168000000000000000000000000000000000000000017767000000000017767000000000000000000000000000000150920111609201100001609201100000000000000000000000000000000000000000000000000000000000000000000       
1040001300015T 060000000838500000000   1400000000023552601               20092011000000000018576000017390                         090000000000000000                                                  000000000000161020101                     
1040001300016U 06000000000000000000000000001486000000000000000000000000000000000000000017090000000000017090000000000000000000000000000000150920111609201100001609201100000000000000000000000000000000000000000000000000000000000000000000       
1040001300017T 280000000838500000000                     0               00000000000000000000000000000000                         000000000000000000                                                  0000000000001820000000000                 
1040001300018U 280000000000000000000000000000000000000000000000000000000000000000000000000000000000000000000000000000000000000000000000001509201100000000000015092011000000000000000                              000                           
10400015         00002000000000000000000000000000000000000000000000000000000000000000000000000000000000000000000000                                                                                                                             
10499999         000001000022                                                                                                                                                                                                                   
