10400000         2023354550001930000000000000000000001521008385000000000CENTRO DE FORMACAO DE ENFERMAGC ECON FEDERAL                          21609201101300100057004000000                    RETORNO-PRODUCAO                  000            
10400011T0100030 20023354550001930000000000000000000001521008385000000000CENTRO DE FORMACAO DE ENFERMAG                                                                                00000570160920110000000000                          00   
1040001300001T 060000000838500000000   1400000000024137741               31082011000000000020062000015210                         090000000000000000                                                  000000000000161020101                     
1040001300002U 06000000000001523000000000000000000000000000000000000000000000000000000021585000000000021585000000000000000000000000000000160920111909201100001909201100000000000000000000000000000000000000000000000000000000000000000000       
1040001300003T 060000000838500000000   1400000000025888501               20092011000000000019876341099260                         090000000000000000                                                  000000000000326040101                     
1040001300004U 06000000000000000000000000000000000000000000000000000000000000000000000019876000000000019876000000000000000000000000000000160920111909201100001909201100000000000000000000000000000000000000000000000000000000000000000000       
1040001300005T 060000000838500000000   240000000000071998100000000000000020092011000000000017820000032730000000000000000          090000000000000000                                                  000000000000149060101                     
1040001300006U 06000000000000000000000000002673000000000000000000000000000000000000000015147000000000015147000000000000000000000000000000160920111909201100001909201100000000000000000000000000000000000000000000000000000000000000000000       
1040001300007T 280000000838500000000                     0               00000000000000000000000000000000                         000000000000000000                                                  0000000000000520000000000                 
1040001300008U 280000000000000000000000000000000000000000000000000000000000000000000000000000000000000000000000000000000000000000000000001609201100000000000016092011000000000000000                              000                           
10400015         00001000000000000000000000000000000000000000000000000000000000000000000000000000000000000000000000                                                                                                                             
10499999         000001000012                                                                                                                                                                                                                   
