10400000         2023354550001930000000000000000000001521008385000000000CENTRO DE FORMACAO DE ENFERMAGC ECON FEDERAL                          21909201102403600057104000000                    RETORNO-PRODUCAO                  000            
10400011T0100030 20023354550001930000000000000000000001521008385000000000CENTRO DE FORMACAO DE ENFERMAG                                                                                00000571190920110000000000                          00   
1040001300001T 060000000838500000000   240000000000050575100000000000000020092011000000000020500000015760000000000000000          090000000000000000                                                  000000000000320030100                     
1040001300002U 06000000000000000000000000003485000000000000000000000000000000000000000017015000000000017015000000000000000000000000000000190920111909201100001909201100000000000000000000000000000000000000000000000000000000000000000000       
1040001300003T 060000000838500000000   240000000000076590100000000000000020092011000000000020500000017390000000000000000          090000000000000000                                                  000000000000320030100                     
1040001300004U 06000000000000000000000000004715000000000000000000000000000000000000000015785000000000015785000000000000000000000000000000190920111909201100001909201100000000000000000000000000000000000000000000000000000000000000000000       
1040001300005T 060000000838500000000   240000000000076434100000000000000020092011000000000020500237004080000000000000000          090000000000000000                                                  000000000000326040101                     
1040001300006U 06000000000000000000000000004715000000000000000000000000000000000000000015785000000000015785000000000000000000000000000000190920112009201100002009201100000000000000000000000000000000000000000000000000000000000000000000       
1040001300007T 060000000838500000000   240000000000076841100000000000000020092011000000000018576000016490000000000000000          090000000000000000                                                  000000000000161020101                     
1040001300008U 06000000000000000000000000003344000000000000000000000000000000000000000015232000000000015232000000000000000000000000000000190920112009201100002009201100000000000000000000000000000000000000000000000000000000000000000000       
1040001300009T 060000000838500000000   240000000000077619100000000000000020092011000000000018576000015210000000000000000          090000000000000000                                                  000000000000161020101                     
1040001300010U 06000000000000000000000000003344000000000000000000000000000000000000000015232000000000015232000000000000000000000000000000190920112009201100002009201100000000000000000000000000000000000000000000000000000000000000000000       
1040001300011T 060000000838500000000   240000000000079174100000000000000020092011000000000018576237010370000000000000000          090000000000000000                                                  000000000000326040101                     
1040001300012U 06000000000000000000000000003344000000000000000000000000000000000000000015232000000000015232000000000000000000000000000000190920112009201100002009201100000000000000000000000000000000000000000000000000000000000000000000       
1040001300013T 060000000838500000000   240000000000080687100000000000000020092011000000000018576000015760000000000000000          090000000000000000                                                  000000000000161020101                     
1040001300014U 06000000000000000000000000002229000000000000000000000000000000000000000016347000000000016347000000000000000000000000000000190920112009201100002009201100000000000000000000000000000000000000000000000000000000000000000000       
1040001300015T 060000000838500000000   240000000000048953100000000000000020092011000000000020500000015770000000000000000          090000000000000000                                                  000000000000161020101                     
1040001300016U 06000000000000000000000000003485000000000000000000000000000000000000000017015000000000017015000000000000000000000000000000190920112009201100002009201100000000000000000000000000000000000000000000000000000000000000000000       
1040001300017T 060000000838500000000   240000000000046730100000000000000020092011000000000020500000016490000000000000000          090000000000000000                                                  000000000000161020101                     
1040001300018U 06000000000000000000000000004715000000000000000000000000000000000000000015785000000000015785000000000000000000000000000000190920112009201100002009201100000000000000000000000000000000000000000000000000000000000000000000       
1040001300019T 060000000838500000000   240000000000048740100000000000000020092011000000000020500000015760000000000000000          090000000000000000                                                  000000000000161020101                     
1040001300020U 06000000000000000000000000001640000000000000000000000000000000000000000018860000000000018860000000000000000000000000000000190920112009201100002009201100000000000000000000000000000000000000000000000000000000000000000000       
1040001300021T 060000000838500000000   240000000000051008100000000000000020092011000000000020500000000270000000000000000          090000000000000000                                                  000000000000161020101                     
1040001300022U 06000000000000000000000000003485000000000000000000000000000000000000000017015000000000017015000000000000000000000000000000190920112009201100002009201100000000000000000000000000000000000000000000000000000000000000000000       
1040001300023T 060000000838500000000   240000000000051288100000000000000020092011000000000018576000015760000000000000000          090000000000000000                                                  000000000000161020101                     
1040001300024U 06000000000000000000000000003344000000000000000000000000000000000000000015232000000000015232000000000000000000000000000000190920112009201100002009201100000000000000000000000000000000000000000000000000000000000000000000       
1040001300025T 060000000838500000000   240000000000051326100000000000000020092011000000000002500000015760000000000000000          090000000000000000                                                  000000000000161020101                     
1040001300026U 06000000000000000000000000000000000000000000000000000000000000000000000002500000000000002500000000000000000000000000000000190920112009201100002009201100000000000000000000000000000000000000000000000000000000000000000000       
1040001300027T 060000000838500000000   240000000000069993100000000000000020092011000000000020500000015210000000000000000          090000000000000000                                                  000000000000161020101                     
1040001300028U 06000000000000000000000000004715000000000000000000000000000000000000000015785000000000015785000000000000000000000000000000190920112009201100002009201100000000000000000000000000000000000000000000000000000000000000000000       
1040001300029T 060000000838500000000   1400000000025880781               20092011000000000019876000020630                         090000000000000000                                                  000000000000161020101                     
1040001300030U 06000000000000000000000000001789000000000000000000000000000000000000000018087000000000018087000000000000000000000000000000190920112009201100002009201100000000000000000000000000000000000000000000000000000000000000000000       
1040001300031T 060000000838500000000   1400000000025913111               20092011000000000015000000000270                         090000000000000000                                                  000000000000161020101                     
1040001300032U 06000000000000000000000000001800000000000000000000000000000000000000000013200000000000013200000000000000000000000000000000190920112009201100002009201100000000000000000000000000000000000000000000000000000000000000000000       
1040001300033T 060000000838500000000   240000000000000144100000000000000020092011000000000020500000000270000000000000000          090000000000000000                                                  000000000000161020101                     
1040001300034U 06000000000000000000000000003485000000000000000000000000000000000000000017015000000000017015000000000000000000000000000000190920112009201100002009201100000000000000000000000000000000000000000000000000000000000000000000       
1040001300035T 060000000838500000000   240000000000027468100000000000000020092011000000000018576000031200000000000000000          090000000000000000                                                  000000000000161020101                     
1040001300036U 06000000000000000000000000002229000000000000000000000000000000000000000016347000000000016347000000000000000000000000000000190920112009201100002009201100000000000000000000000000000000000000000000000000000000000000000000       
1040001300037T 060000000838500000000   240000000000032070100000000000000020092011000000000020500000015760000000000000000          090000000000000000                                                  000000000000161020101                     
1040001300038U 06000000000000000000000000004715000000000000000000000000000000000000000015785000000000015785000000000000000000000000000000190920112009201100002009201100000000000000000000000000000000000000000000000000000000000000000000       
1040001300039T 060000000838500000000   240000000000035134100000000000000020092011000000000015000000015760000000000000000          090000000000000000                                                  000000000000161020101                     
1040001300040U 06000000000000000000000000001200000000000000000000000000000000000000000013800000000000013800000000000000000000000000000000190920112009201100002009201100000000000000000000000000000000000000000000000000000000000000000000       
1040001300041T 060000000838500000000   240000000000036483100000000000000020082011000000000020500000016490000000000000000          090000000000000000                                                  000000000000161020101                     
1040001300042U 06000000000002450000000000000000000000000000000000000000000000000000000022950000000000022950000000000000000000000000000000190920112009201100002009201100000000000000000000000000000000000000000000000000000000000000000000       
1040001300043T 060000000838500000000   240000000000036912100000000000000010092011000000000018576000017390000000000000000          090000000000000000                                                  000000000000161020101                     
1040001300044U 06000000000000921000000000000000000000000000000000000000000000000000000019497000000000019497000000000000000000000000000000190920112009201100002009201100000000000000000000000000000000000000000000000000000000000000000000       
1040001300045T 060000000838500000000   1400000000021709361               20092011000000000022140000039580                         090000000000000000                                                  000000000000161020101                     
1040001300046U 06000000000000000000000000001771000000000000000000000000000000000000000020369000000000020369000000000000000000000000000000190920112009201100002009201100000000000000000000000000000000000000000000000000000000000000000000       
1040001300047T 060000000838500000000   1400000000022311701               20092011000000000020062000015210                         090000000000000000                                                  000000000000161020101                     
1040001300048U 06000000000000000000000000001605000000000000000000000000000000000000000018457000000000018457000000000000000000000000000000190920112009201100002009201100000000000000000000000000000000000000000000000000000000000000000000       
1040001300049T 060000000838500000000   1400000000023031891               20092011000000000018576000015210                         090000000000000000                                                  000000000000161020101                     
1040001300050U 06000000000000000000000000001486000000000000000000000000000000000000000017090000000000017090000000000000000000000000000000190920112009201100002009201100000000000000000000000000000000000000000000000000000000000000000000       
1040001300051T 060000000838500000000   1400000000023468051               20092011000000000019900000013070                         090000000000000000                                                  000000000000161020101                     
1040001300052U 06000000000000000000000000000000000000000000000000000000000000000000000019900000000000019900000000000000000000000000000000190920112009201100002009201100000000000000000000000000000000000000000000000000000000000000000000       
1040001300053T 060000000838500000000   1400000000023490301               20092011000000000019900000015770                         090000000000000000                                                  000000000000161020101                     
1040001300054U 06000000000000000000000000002985000000000000000000000000000000000000000016915000000000016915000000000000000000000000000000190920112009201100002009201100000000000000000000000000000000000000000000000000000000000000000000       
1040001300055T 060000000838500000000   1400000000025846501               20092011000000000021935237010350                         090000000000000000                                                  000000000000326040101                     
1040001300056U 06000000000000000000000000004168000000000000000000000000000000000000000017767000000000017767000000000000000000000000000000190920112009201100002009201100000000000000000000000000000000000000000000000000000000000000000000       
1040001300057T 060000000838500000000   1400000000025875511               20092011000000000021935000015210                         090000000000000000                                                  000000000000161020101                     
1040001300058U 06000000000000000000000000004168000000000000000000000000000000000000000017767000000000017767000000000000000000000000000000190920112009201100002009201100000000000000000000000000000000000000000000000000000000000000000000       
1040001300059T 280000000838500000000                     0               00000000000000000000000000000000                         000000000000000000                                                  0000000000002340000000000                 
1040001300060U 280000000000000000000000000000000000000000000000000000000000000000000000000000000000000000000000000000000000000000000000001909201100000000000019092011000000000000000                              000                           
10400015         00006200000000000000000000000000000000000000000000000000000000000000000000000000000000000000000000                                                                                                                             
10499999         000001000064                                                                                                                                                                                                                   
