10400000         2023354550001930000000000000000000001521008385000000000CENTRO DE FORMACAO DE ENFERMAGC ECON FEDERAL                          22009201101281400057204000000                    RETORNO-PRODUCAO                  000            
10400011T0100030 20023354550001930000000000000000000001521008385000000000CENTRO DE FORMACAO DE ENFERMAG                                                                                00000572200920110000000000                          00   
1040001300001T 060000000838500000000  1400000000002346800100000000000000020092011000000000019900000013070000000000000000          090000000000000000                                                  000000000000161020101                     
1040001300002U 06000000000000000000000000002985000000000000000000000000000000000000000016915000000000016915000000000000000000000000000000190920112009201100002009201100000000000000000000000000000000000000000000000000000000000000000000       
1040001300003T 060000000838500000000   240000000000034421100000000000000020092011000000000015000000017390000000000000000          090000000000000000                                                  000000000000161020101                     
1040001300004U 06000000000000000000000000001200000000000000000000000000000000000000000013800000000000013800000000000000000000000000000000200920112109201100002109201100000000000000000000000000000000000000000000000000000000000000000000       
1040001300005T 060000000838500000000   240000000000049089100000000000000020092011000000000002500237011680000000000000000          090000000000000000                                                  000000000000326040101                     
1040001300006U 06000000000000000000000000000000000000000000000000000000000000000000000002500000000000002500000000000000000000000000000000200920112109201100002109201100000000000000000000000000000000000000000000000000000000000000000000       
1040001300007T 060000000838500000000   1400000000025255641               20092011000000000019900001029530                         090000000000000000                                                  000000000000326040101                     
1040001300008U 06000000000000000000000000002985000000000000000000000000000000000000000016915000000000016915000000000000000000000000000000200920112109201100002109201100000000000000000000000000000000000000000000000000000000000000000000       
1040001300009T 060000000838500000000   240000000000071238100000000000000020092011000000000020500033033130000000000000000          090000000000000000                                                  000000000000326040101                     
1040001300010U 06000000000000000000000000001640000000000000000000000000000000000000000018860000000000018860000000000000000000000000000000200920112109201100002109201100000000000000000000000000000000000000000000000000000000000000000000       
1040001300011T 060000000838500000000   240000000000046683100000000000000020102011000000000002500237021210000000000000000          090000000000000000                                                  000000000000326040101                     
1040001300012U 06000000000000000000000000000000000000000000000000000000000000000000000002500000000000002500000000000000000000000000000000200920112109201100002109201100000000000000000000000000000000000000000000000000000000000000000000       
1040001300013T 060000000838500000000   1400000000024184741               20092011000000000019246000017390                         090000000000000000                                                  000000000000161020101                     
1040001300014U 06000000000000000000000000001540000000000000000000000000000000000000000017706000000000017706000000000000000000000000000000200920112109201100002109201100000000000000000000000000000000000000000000000000000000000000000000       
1040001300015T 060000000838500000000   1400000000025328461               20092011000000000019246000039580                         090000000000000000                                                  000000000000161020101                     
1040001300016U 06000000000000000000000000002887000000000000000000000000000000000000000016359000000000016359000000000000000000000000000000200920112109201100002109201100000000000000000000000000000000000000000000000000000000000000000000       
1040001300017T 060000000838500000000   1400000000023529371               20092011000000000019900341099260                         090000000000000000                                                  000000000000326040101                     
1040001300018U 06000000000000000000000000001592000000000000000000000000000000000000000018308000000000018308000000000000000000000000000000200920112109201100002109201100000000000000000000000000000000000000000000000000000000000000000000       
1040001300019T 060000000838500000000   1400000000023481311               20092011000000000019900000015760                         090000000000000000                                                  000000000000161020101                     
1040001300020U 06000000000000000000000000002985000000000000000000000000000000000000000016915000000000016915000000000000000000000000000000200920112109201100002109201100000000000000000000000000000000000000000000000000000000000000000000       
1040001300021T 060000000838500000000   1400000000025877301               20092011000000000021935000015210                         090000000000000000                                                  000000000000161020101                     
1040001300022U 06000000000000000000000000004168000000000000000000000000000000000000000017767000000000017767000000000000000000000000000000200920112109201100002109201100000000000000000000000000000000000000000000000000000000000000000000       
1040001300023T 060000000838500000000   240000000000021540100000000000000030092011000000000020500000000270000000000000000          090000000000000000                                                  000000000000161020101                     
1040001300024U 06000000000000000000000000004715000000000000000000000000000000000000000015785000000000015785000000000000000000000000000000200920112109201100002109201100000000000000000000000000000000000000000000000000000000000000000000       
1040001300025T 060000000838500000000   1400000000025891121               20092011000000000019876000015760                         090000000000000000                                                  000000000000161020101                     
1040001300026U 06000000000000000000000000001789000000000000000000000000000000000000000018087000000000018087000000000000000000000000000000200920112109201100002109201100000000000000000000000000000000000000000000000000000000000000000000       
1040001300027T 060000000838500000000   240000000000019783100000000000000020092011000000000020500000032730000000000000000          090000000000000000                                                  000000000000149060101                     
1040001300028U 06000000000000000000000000004715000000000000000000000000000000000000000015785000000000015785000000000000000000000000000000200920112109201100002109201100000000000000000000000000000000000000000000000000000000000000000000       
1040001300029T 060000000838500000000   240000000000067800100000000000000020092011000000000020500000032730000000000000000          090000000000000000                                                  000000000000149060101                     
1040001300030U 06000000000000000000000000004715000000000000000000000000000000000000000015785000000000015785000000000000000000000000000000200920112109201100002109201100000000000000000000000000000000000000000000000000000000000000000000       
1040001300031T 060000000838500000000   240000000000034863100000000000000020092011000000000015000000015210000000000000000          090000000000000000                                                  000000000000161020101                     
1040001300032U 06000000000000000000000000001800000000000000000000000000000000000000000013200000000000013200000000000000000000000000000000200920112109201100002109201100000000000000000000000000000000000000000000000000000000000000000000       
1040001300033T 060000000838500000000   1400000000024182531               20092011000000000019246000015760                         090000000000000000                                                  000000000000161020101                     
1040001300034U 06000000000000000000000000001540000000000000000000000000000000000000000017706000000000017706000000000000000000000000000000200920112109201100002109201100000000000000000000000000000000000000000000000000000000000000000000       
1040001300035T 060000000838500000000   240000000000017713100000000000000020092011000000000020500237021210000000000000000          090000000000000000                                                  000000000000326040101                     
1040001300036U 06000000000000000000000000004715000000000000000000000000000000000000000015785000000000015785000000000000000000000000000000200920112109201100002109201100000000000000000000000000000000000000000000000000000000000000000000       
1040001300037T 060000000838500000000   240000000000042068100000000000000020092011000000000018576000015760000000000000000          090000000000000000                                                  000000000000161020101                     
1040001300038U 06000000000000000000000000001486000000000000000000000000000000000000000017090000000000017090000000000000000000000000000000200920112109201100002109201100000000000000000000000000000000000000000000000000000000000000000000       
1040001300039T 060000000838500000000   240000000000049046100000000000000020092011000000000020500237011680000000000000000          090000000000000000                                                  000000000000326040101                     
1040001300040U 06000000000000000000000000003485000000000000000000000000000000000000000017015000000000017015000000000000000000000000000000200920112109201100002109201100000000000000000000000000000000000000000000000000000000000000000000       
1040001300041T 060000000838500000000   1400000000025032771               20092011000000000019900001026450                         090000000000000000                                                  000000000000326040101                     
1040001300042U 06000000000000000000000000002985000000000000000000000000000000000000000016915000000000016915000000000000000000000000000000200920112109201100002109201100000000000000000000000000000000000000000000000000000000000000000000       
1040001300043T 060000000838500000000   240000000000070231100000000000000020092011000000000020500000017390000000000000000          090000000000000000                                                  000000000000161020101                     
1040001300044U 06000000000000000000000000004715000000000000000000000000000000000000000015785000000000015785000000000000000000000000000000200920112109201100002109201100000000000000000000000000000000000000000000000000000000000000000000       
1040001300045T 060000000838500000000   240000000000051504100000000000000020092011000000000018576000016490000000000000000          090000000000000000                                                  000000000000161020101                     
1040001300046U 06000000000000000000000000003344000000000000000000000000000000000000000015232000000000015232000000000000000000000000000000200920112109201100002109201100000000000000000000000000000000000000000000000000000000000000000000       
1040001300047T 060000000838500000000   1400000000025889061               20092011000000000019876237011670                         090000000000000000                                                  000000000000326040101                     
1040001300048U 06000000000000000000000000001789000000000000000000000000000000000000000018087000000000018087000000000000000000000000000000200920112109201100002109201100000000000000000000000000000000000000000000000000000000000000000000       
1040001300049T 060000000838500000000   240000000000078224100000000000000020092011000000000020500237011680000000000000000          090000000000000000                                                  000000000000326040101                     
1040001300050U 06000000000000000000000000004715000000000000000000000000000000000000000015785000000000015785000000000000000000000000000000200920112109201100002109201100000000000000000000000000000000000000000000000000000000000000000000       
1040001300051T 060000000838500000000   240000000000081543100000000000000020092011000000000020500000031200000000000000000          090000000000000000                                                  000000000000161020101                     
1040001300052U 06000000000000000000000000001640000000000000000000000000000000000000000018860000000000018860000000000000000000000000000000200920112109201100002109201100000000000000000000000000000000000000000000000000000000000000000000       
1040001300053T 060000000838500000000   240000000000045903100000000000000020092011000000000020500000000270000000000000000          090000000000000000                                                  000000000000161020101                     
1040001300054U 06000000000000000000000000004715000000000000000000000000000000000000000015785000000000015785000000000000000000000000000000200920112109201100002109201100000000000000000000000000000000000000000000000000000000000000000000       
1040001300055T 060000000838500000000   1400000000025916801               20092011000000000015000000016490                         090000000000000000                                                  000000000000161020101                     
1040001300056U 06000000000000000000000000001200000000000000000000000000000000000000000013800000000000013800000000000000000000000000000000200920112109201100002109201100000000000000000000000000000000000000000000000000000000000000000000       
1040001300057T 060000000838500000000   1400000000025891391               20092011000000000019876000015760                         090000000000000000                                                  000000000000161020101                     
1040001300058U 06000000000000000000000000001780000000000000000000000000000000000000000018096000000000018096000000000000000000000000000000200920112109201100002109201100000000000000000000000000000000000000000000000000000000000000000000       
1040001300059T 060000000838500000000   240000000000063766100000000000000020092011000000000002500000015760000000000000000          090000000000000000                                                  000000000000161020101                     
1040001300060U 06000000000000000000000000000000000000000000000000000000000000000000000002500000000000002500000000000000000000000000000000200920112109201100002109201100000000000000000000000000000000000000000000000000000000000000000000       
1040001300061T 060000000838500000000   240000000000018620100000000000000020092011000000000020500000015770000000000000000          090000000000000000                                                  000000000000161020101                     
1040001300062U 06000000000000000000000000004715000000000000000000000000000000000000000015785000000000015785000000000000000000000000000000200920112109201100002109201100000000000000000000000000000000000000000000000000000000000000000000       
1040001300063T 060000000838500000000   240000000000018086100000000000000020092011000000000020500000032730000000000000000          090000000000000000                                                  000000000000161020101                     
1040001300064U 06000000000000000000000000004715000000000000000000000000000000000000000015785000000000015785000000000000000000000000000000200920112109201100002109201100000000000000000000000000000000000000000000000000000000000000000000       
1040001300065T 060000000838500000000   1400000000025254591               20092011000000000019900000015770                         090000000000000000                                                  000000000000161020101                     
1040001300066U 06000000000000000000000000002985000000000000000000000000000000000000000016915000000000016915000000000000000000000000000000200920112109201100002109201100000000000000000000000000000000000000000000000000000000000000000000       
1040001300067T 060000000838500000000   240000000000021117100000000000000020092011000000000020500000016490000000000000000          090000000000000000                                                  000000000000161020101                     
1040001300068U 06000000000000000000000000001640000000000000000000000000000000000000000018860000000000018860000000000000000000000000000000200920112109201100002109201100000000000000000000000000000000000000000000000000000000000000000000       
1040001300069T 060000000838500000000   240000000000033492100000000000000030092011000000000018576237004080000000000000000          090000000000000000                                                  000000000000326040101                     
1040001300070U 06000000000000000000000000003344000000000000000000000000000000000000000015232000000000015232000000000000000000000000000000200920112109201100002109201100000000000000000000000000000000000000000000000000000000000000000000       
1040001300071T 280000000838500000000                     0               00000000000000000000000000000000                         000000000000000000                                                  0000000000003380000000000                 
1040001300072U 280000000000000000000000000000000000000000000000000000000000000000000000000000000000000000000000000000000000000000000000002009201100000000000020092011000000000000000                              000                           
10400015         00007400000000000000000000000000000000000000000000000000000000000000000000000000000000000000000000                                                                                                                             
10499999         000001000076                                                                                                                                                                                                                   
