10400000         2023354550001930000000000000000000001521008385000000000CENTRO DE FORMACAO DE ENFERMAGC ECON FEDERAL                          22109201102180700057304000000                    RETORNO-PRODUCAO                  000            
10400011T0100030 20023354550001930000000000000000000001521008385000000000CENTRO DE FORMACAO DE ENFERMAG                                                                                00000573210920110000000000                          00   
1040001300001T 060000000838500000000   240000000000068016100000000000000020092011000000000020500000014130000000000000000          090000000000000000                                                  000000000000161020101                     
1040001300002U 06000000000000478000000000000000000000000000000000000000000000000000000020978000000000020978000000000000000000000000000000210920112209201100002209201100000000000000000000000000000000000000000000000000000000000000000000       
1040001300003T 060000000838500000000   1400000000025880001               10092011000000000018576000015210                         090000000000000000                                                  000000000000161020101                     
1040001300004U 06000000000001042000000000000000000000000000000000000000000000000000000019618000000000019618000000000000000000000000000000210920112209201100002209201100000000000000000000000000000000000000000000000000000000000000000000       
1040001300005T 060000000838500000000   1400000000022938761               30092011000000000017820000015210                         090000000000000000                                                  000000000000161020101                     
1040001300006U 06000000000000000000000000001426000000000000000000000000000000000000000016394000000000016394000000000000000000000000000000210920112209201100002209201100000000000000000000000000000000000000000000000000000000000000000000       
1040001300007T 280000000838500000000                     0               00000000000000000000000000000000                         000000000000000000                                                  0000000000000520000000000                 
1040001300008U 280000000000000000000000000000000000000000000000000000000000000000000000000000000000000000000000000000000000000000000000002109201100000000000021092011000000000000000                              000                           
10400015         00001000000000000000000000000000000000000000000000000000000000000000000000000000000000000000000000                                                                                                                             
10499999         000001000012                                                                                                                                                                                                                   
