10400000         2023354550001930000000000000000000001521008385000000000CENTRO DE FORMACAO DE ENFERMAGC ECON FEDERAL                          22209201101263100057404000000                    RETORNO-PRODUCAO                  000            
10400011T0100030 20023354550001930000000000000000000001521008385000000000CENTRO DE FORMACAO DE ENFERMAG                                                                                00000574220920110000000000                          00   
1040001300001T 060000000838500000000   240000000000049925100000000000000030092011000000000020500000013070000000000000000          090000000000000000                                                  000000000000161020101                     
1040001300002U 06000000000000000000000000003485000000000000000000000000000000000000000017015000000000017015000000000000000000000000000000220920112309201100002309201100000000000000000000000000000000000000000000000000000000000000000000       
1040001300003T 060000000838500000000   1400000000023491461               10102011000000000019900000013070                         090000000000000000                                                  000000000000161020101                     
1040001300004U 06000000000000000000000000002985000000000000000000000000000000000000000016915000000000016915000000000000000000000000000000220920112309201100002309201100000000000000000000000000000000000000000000000000000000000000000000       
1040001300005T 280000000838500000000                     0               00000000000000000000000000000000                         000000000000000000                                                  0000000000000260000000000                 
1040001300006U 280000000000000000000000000000000000000000000000000000000000000000000000000000000000000000000000000000000000000000000000002209201100000000000022092011000000000000000                              000                           
10400015         00000800000000000000000000000000000000000000000000000000000000000000000000000000000000000000000000                                                                                                                             
10499999         000001000010                                                                                                                                                                                                                   
