10400000         2023354550001930000000000000000000001521008385000000000CENTRO DE FORMACAO DE ENFERMAGC ECON FEDERAL                          22609201102095500057604000000                    RETORNO-PRODUCAO                  000            
10400011T0100030 20023354550001930000000000000000000001521008385000000000CENTRO DE FORMACAO DE ENFERMAG                                                                                00000576260920110000000000                          00   
1040001300001T 060000000838500000000   1400000000025588021               20092011000000000019900000015210                         090000000000000000                                                  000000000000320030100                     
1040001300002U 06000000000000794000000000000000000000000000000000000000000000000000000020694000000000020694000000000000000000000000000000260920112609201100002609201100000000000000000000000000000000000000000000000000000000000000000000       
1040001300003T 060000000838500000000   1400000000022302701               31082011000000000017820000016490                         090000000000000000                                                  000000000000161020101                     
1040001300004U 06000000000001890000000000000000000000000000000000000000000000000000000019710000000000019710000000000000000000000000000000260920112709201100002709201100000000000000000000000000000000000000000000000000000000000000000000       
1040001300005T 060000000838500000000   1400000000025911331               20092011000000000015000000015760                         090000000000000000                                                  000000000000161020101                     
1040001300006U 06000000000000000000000000000000000000000000000000000000000000000000000015000000000000015000000000000000000000000000000000260920112709201100002709201100000000000000000000000000000000000000000000000000000000000000000000       
1040001300007T 060000000838500000000   240000000000076060100000000000000030092011000000000020500000013070000000000000000          090000000000000000                                                  000000000000161020101                     
1040001300008U 06000000000000000000000000004715000000000000000000000000000000000000000015785000000000015785000000000000000000000000000000260920112709201100002709201100000000000000000000000000000000000000000000000000000000000000000000       
1040001300009T 060000000838500000000   1400000000022960181               30092011000000000017820000031200                         090000000000000000                                                  000000000000161020101                     
1040001300010U 06000000000000000000000000002673000000000000000000000000000000000000000015147000000000015147000000000000000000000000000000260920112709201100002709201100000000000000000000000000000000000000000000000000000000000000000000       
1040001300011T 060000000838500000000   1400000000025869701               30092011000000000020500001044430                         090000000000000000                                                  000000000000326040101                     
1040001300012U 06000000000000000000000000003485000000000000000000000000000000000000000017015000000000017015000000000000000000000000000000260920112709201100002709201100000000000000000000000000000000000000000000000000000000000000000000       
1040001300013T 060000000838500000000   1400000000025881321               30092011000000000018576000014130                         090000000000000000                                                  000000000000161020101                     
1040001300014U 06000000000000000000000000001486000000000000000000000000000000000000000017090000000000017090000000000000000000000000000000260920112709201100002709201100000000000000000000000000000000000000000000000000000000000000000000       
1040001300015T 060000000838500000000   1400000000025916991               30092011000000000015000000015210                         090000000000000000                                                  000000000000161020101                     
1040001300016U 06000000000000000000000000001200000000000000000000000000000000000000000013800000000000013800000000000000000000000000000000260920112709201100002709201100000000000000000000000000000000000000000000000000000000000000000000       
1040001300017T 060000000838500000000   1400000000025913701               30092011000000000015000000015210                         090000000000000000                                                  000000000000161020101                     
1040001300018U 06000000000000000000000000001200000000000000000000000000000000000000000013800000000000013800000000000000000000000000000000260920112709201100002709201100000000000000000000000000000000000000000000000000000000000000000000       
1040001300019T 280000000838500000000                     0               00000000000000000000000000000000                         000000000000000000                                                  0000000000002080000000000                 
1040001300020U 280000000000000000000000000000000000000000000000000000000000000000000000000000000000000000000000000000000000000000000000002609201100000000000026092011000000000000000                              000                           
10400015         00002200000000000000000000000000000000000000000000000000000000000000000000000000000000000000000000                                                                                                                             
10499999         000001000024                                                                                                                                                                                                                   
