10400000         2023354550001930000000000000000000001521008385000000000CENTRO DE FORMACAO DE ENFERMAGC ECON FEDERAL                          22309201101261400057504000000                    RETORNO-PRODUCAO                  000            
10400011T0100030 20023354550001930000000000000000000001521008385000000000CENTRO DE FORMACAO DE ENFERMAG                                                                                00000575230920110000000000                          00   
1040001300001T 060000000838500000000   1400000000025882561               20092011000000000018576000015760                         090000000000000000                                                  000000000000161020101                     
1040001300002U 06000000000000615000000000000000000000000000000000000000000000000000000019191000000000019191000000000000000000000000000000230920112609201100002609201100000000000000000000000000000000000000000000000000000000000000000000       
1040001300003T 060000000838500000000   1400000000023510431               10092011000000000019900000014130                         090000000000000000                                                  000000000000161020101                     
1040001300004U 06000000000000000000000000000000000000000000000000000000000000000000000019900000000000019900000000000000000000000000000000230920112609201100002609201100000000000000000000000000000000000000000000000000000000000000000000       
1040001300005T 060000000838500000000   1400000000023510511               10102011000000000019900000014130                         090000000000000000                                                  000000000000161020101                     
1040001300006U 06000000000000000000000000001592000000000000000000000000000000000000000018308000000000018308000000000000000000000000000000230920112609201100002609201100000000000000000000000000000000000000000000000000000000000000000000       
1040001300007T 060000000838500000000   240000000000019961100000000000000020092011000000000020500000016490000000000000000          090000000000000000                                                  000000000000161020101                     
1040001300008U 06000000000000614000000000000000000000000000000000000000000000000000000021114000000000021114000000000000000000000000000000230920112609201100002609201100000000000000000000000000000000000000000000000000000000000000000000       
1040001300009T 060000000838500000000   240000000000041371100000000000000010102011000000000018576237034210000000000000000          090000000000000000                                                  000000000000326040101                     
1040001300010U 06000000000000000000000000001486000000000000000000000000000000000000000017090000000000017090000000000000000000000000000000230920112609201100002609201100000000000000000000000000000000000000000000000000000000000000000000       
1040001300011T 280000000838500000000                     0               00000000000000000000000000000000                         000000000000000000                                                  0000000000000780000000000                 
1040001300012U 280000000000000000000000000000000000000000000000000000000000000000000000000000000000000000000000000000000000000000000000002309201100000000000023092011000000000000000                              000                           
10400015         00001400000000000000000000000000000000000000000000000000000000000000000000000000000000000000000000                                                                                                                             
10499999         000001000016                                                                                                                                                                                                                   
