10400000         2023354550001930000000000000000000001521008385000000000CENTRO DE FORMACAO DE ENFERMAGC ECON FEDERAL                          22709201101244500057704000000                    RETORNO-PRODUCAO                  000            
10400011T0100030 20023354550001930000000000000000000001521008385000000000CENTRO DE FORMACAO DE ENFERMAG                                                                                00000577270920110000000000                          00   
1040001300001T 060000000838500000000   1400000000025071401               20092011000000000019900000015210                         090000000000000000                                                  000000000000161020101                     
1040001300002U 06000000000000000000000000000000000000000000000000000000000000000000000019900000000000019900000000000000000000000000000000270920112809201100002809201100000000000000000000000000000000000000000000000000000000000000000000       
1040001300003T 280000000838500000000                     0               00000000000000000000000000000000                         000000000000000000                                                  0000000000000260000000000                 
1040001300004U 280000000000000000000000000000000000000000000000000000000000000000000000000000000000000000000000000000000000000000000000002709201100000000000027092011000000000000000                              000                           
10400015         00000600000000000000000000000000000000000000000000000000000000000000000000000000000000000000000000                                                                                                                             
10499999         000001000008                                                                                                                                                                                                                   
