10400000         2023354550001930000000000000000000001521008385000000000CENTRO DE FORMACAO DE ENFERMAGC ECON FEDERAL                          22809201101385100057804000000                    RETORNO-PRODUCAO                  000            
10400011T0100030 20023354550001930000000000000000000001521008385000000000CENTRO DE FORMACAO DE ENFERMAG                                                                                00000578280920110000000000                          00   
1040001300001T 060000000838500000000   240000000000044850100000000000000010102011000000000018576000017390000000000000000          090000000000000000                                                  000000000000161020101                     
1040001300002U 06000000000000000000000000003344000000000000000000000000000000000000000015232000000000015232000000000000000000000000000000280920112909201100002909201100000000000000000000000000000000000000000000000000000000000000000000       
1040001300003T 060000000838500000000   240000000000031937100000000000000020102011000000000020500001044430000000000000000          090000000000000000                                                  000000000000326040101                     
1040001300004U 06000000000000000000000000004715000000000000000000000000000000000000000015785000000000015785000000000000000000000000000000280920112909201100002909201100000000000000000000000000000000000000000000000000000000000000000000       
1040001300005T 060000000838500000000   1400000000024628481               30092011000000000020062003001490                         090000000000000000                                                  000000000000326040101                     
1040001300006U 06000000000000000000000000000000000000000000000000000000000000000000000020062000000000020062000000000000000000000000000000280920112909201100002909201100000000000000000000000000000000000000000000000000000000000000000000       
1040001300007T 060000000838500000000   240000000000050290100000000000000030092011000000000020500000013070000000000000000          090000000000000000                                                  000000000000161020101                     
1040001300008U 06000000000000000000000000003485000000000000000000000000000000000000000017015000000000017015000000000000000000000000000000280920112909201100002909201100000000000000000000000000000000000000000000000000000000000000000000       
1040001300009T 060000000838500000000   240000000000057880100000000000000010102011000000000020500000014130000000000000000          090000000000000000                                                  000000000000161020101                     
1040001300010U 06000000000000000000000000003485000000000000000000000000000000000000000017015000000000017015000000000000000000000000000000280920112909201100002909201100000000000000000000000000000000000000000000000000000000000000000000       
1040001300011T 060000000838500000000   1400000000025777691               30092011000000000020062000015760                         090000000000000000                                                  000000000000161020101                     
1040001300012U 06000000000000000000000000001605000000000000000000000000000000000000000018457000000000018457000000000000000000000000000000280920112909201100002909201100000000000000000000000000000000000000000000000000000000000000000000       
1040001300013T 280000000838500000000                     0               00000000000000000000000000000000                         000000000000000000                                                  0000000000000520000000000                 
1040001300014U 280000000000000000000000000000000000000000000000000000000000000000000000000000000000000000000000000000000000000000000000002809201100000000000028092011000000000000000                              000                           
10400015         00001600000000000000000000000000000000000000000000000000000000000000000000000000000000000000000000                                                                                                                             
10499999         000001000018                                                                                                                                                                                                                   
