10400000         2023354550001930000000000000000000001521008385000000000CENTRO DE FORMACAO DE ENFERMAGC ECON FEDERAL                          22909201102154200057904000000                    RETORNO-PRODUCAO                  000            
10400011T0100030 20023354550001930000000000000000000001521008385000000000CENTRO DE FORMACAO DE ENFERMAG                                                                                00000579290920110000000000                          00   
1040001300001T 060000000838500000000   1400000000022947831               30092011000000000017820000015210                         090000000000000000                                                  000000000000161020101                     
1040001300002U 06000000000000000000000000002673000000000000000000000000000000000000000015147000000000015147000000000000000000000000000000290920113009201100003009201100000000000000000000000000000000000000000000000000000000000000000000       
1040001300003T 060000000838500000000   1400000000023630091               30092011000000000022140237010240                         090000000000000000                                                  000000000000326040101                     
1040001300004U 06000000000000000000000000001771000000000000000000000000000000000000000020369000000000020369000000000000000000000000000000290920113009201100003009201100000000000000000000000000000000000000000000000000000000000000000000       
1040001300005T 060000000838500000000   1400000000024111781               10102011000000000019246001029530                         090000000000000000                                                  000000000000326040101                     
1040001300006U 06000000000000000000000000001540000000000000000000000000000000000000000017706000000000017706000000000000000000000000000000290920113009201100003009201100000000000000000000000000000000000000000000000000000000000000000000       
1040001300007T 060000000838500000000   1400000000024115851               30092011000000000019246001000220                         090000000000000000                                                  000000000000326040101                     
1040001300008U 06000000000000000000000000001540000000000000000000000000000000000000000017706000000000017706000000000000000000000000000000290920113009201100003009201100000000000000000000000000000000000000000000000000000000000000000000       
1040001300009T 060000000838500000000   240000000000031228100000000000000030092011000000000020500000014130000000000000000          090000000000000000                                                  000000000000161020101                     
1040001300010U 06000000000000000000000000004715000000000000000000000000000000000000000015785000000000015785000000000000000000000000000000290920113009201100003009201100000000000000000000000000000000000000000000000000000000000000000000       
1040001300011T 060000000838500000000   240000000000045440100000000000000030092011000000000020500000039580000000000000000          090000000000000000                                                  000000000000161020101                     
1040001300012U 06000000000000000000000000004715000000000000000000000000000000000000000015785000000000015785000000000000000000000000000000290920113009201100003009201100000000000000000000000000000000000000000000000000000000000000000000       
1040001300013T 060000000838500000000   240000000000052403100000000000000030092011000000000020500748020030000000000000000          090000000000000000                                                  000000000000326040101                     
1040001300014U 06000000000000000000000000006150000000000000000000000000000000000000000014350000000000014350000000000000000000000000000000290920113009201100003009201100000000000000000000000000000000000000000000000000000000000000000000       
1040001300015T 060000000838500000000   240000000000065971100000000000000030092011000000000020500001016130000000000000000          090000000000000000                                                  000000000000326040101                     
1040001300016U 06000000000000000000000000001640000000000000000000000000000000000000000018860000000000018860000000000000000000000000000000290920113009201100003009201100000000000000000000000000000000000000000000000000000000000000000000       
1040001300017T 060000000838500000000   240000000000066226100000000000000030092011000000000018576000031200000000000000000          090000000000000000                                                  000000000000161020101                     
1040001300018U 06000000000000000000000000003344000000000000000000000000000000000000000015232000000000015232000000000000000000000000000000290920113009201100003009201100000000000000000000000000000000000000000000000000000000000000000000       
1040001300019T 060000000838500000000   240000000000066668100000000000000030092011000000000018576000016490000000000000000          090000000000000000                                                  000000000000161020101                     
1040001300020U 06000000000000000000000000003344000000000000000000000000000000000000000015232000000000015232000000000000000000000000000000290920113009201100003009201100000000000000000000000000000000000000000000000000000000000000000000       
1040001300021T 060000000838500000000   240000000000072501100000000000000030112011000000000002500000031200000000000000000          090000000000000000                                                  000000000000161020101                     
1040001300022U 06000000000000000000000000000000000000000000000000000000000000000000000002500000000000002500000000000000000000000000000000290920113009201100003009201100000000000000000000000000000000000000000000000000000000000000000000       
1040001300023T 060000000838500000000   240000000000075659100000000000000030092011000000000020500000031200000000000000000          090000000000000000                                                  000000000000161020101                     
1040001300024U 06000000000000000000000000004715000000000000000000000000000000000000000015785000000000015785000000000000000000000000000000290920113009201100003009201100000000000000000000000000000000000000000000000000000000000000000000       
1040001300025T 280000000838500000000                     0               00000000000000000000000000000000                         000000000000000000                                                  0000000000001040000000000                 
1040001300026U 280000000000000000000000000000000000000000000000000000000000000000000000000000000000000000000000000000000000000000000000002909201100000000000029092011000000000000000                              000                           
10400015         00002800000000000000000000000000000000000000000000000000000000000000000000000000000000000000000000                                                                                                                             
10499999         000001000030                                                                                                                                                                                                                   
