10400000         2023354550001930000000000000000000001521008385000000000CENTRO DE FORMACAO DE ENFERMAGC ECON FEDERAL                          20310201102052200058104000000                    RETORNO-PRODUCAO                  000            
10400011T0100030 20023354550001930000000000000000000001521008385000000000CENTRO DE FORMACAO DE ENFERMAG                                                                                00000581031020110000000000                          00   
1040001300001T 060000000838500000000   1400000000025002601               10102011000000000019246000015210                         090000000000000000                                                  000000000000161020101                     
1040001300002U 06000000000000000000000000002887000000000000000000000000000000000000000016359000000000016359000000000000000000000000000000031020110410201100000410201100000000000000000000000000000000000000000000000000000000000000000000       
1040001300003T 060000000838500000000   240000000000032755100000000000000030092011000000000017820000014130000000000000000          090000000000000000                                                  000000000000161020101                     
1040001300004U 06000000000000415000000000000000000000000000000000000000000000000000000018235000000000018235000000000000000000000000000000031020110410201100000410201100000000000000000000000000000000000000000000000000000000000000000000       
1040001300005T 060000000838500000000   240000000000028235100000000000000030092011000000000018576000015210000000000000000          090000000000000000                                                  000000000000161020101                     
1040001300006U 06000000000000433000000000000000000000000000000000000000000000000000000019009000000000019009000000000000000000000000000000031020110410201100000410201100000000000000000000000000000000000000000000000000000000000000000000       
1040001300007T 060000000838500000000   240000000000019600100000000000000010102011000000000020500000016490000000000000000          090000000000000000                                                  000000000000161020101                     
1040001300008U 06000000000000000000000000004715000000000000000000000000000000000000000015785000000000015785000000000000000000000000000000031020110410201100000410201100000000000000000000000000000000000000000000000000000000000000000000       
1040001300009T 060000000838500000000   1400000000023469291               30092011000000000019900000015210                         090000000000000000                                                  000000000000161020101                     
1040001300010U 06000000000000596000000000000000000000000000000000000000000000000000000020496000000000020496000000000000000000000000000000031020110410201100000410201100000000000000000000000000000000000000000000000000000000000000000000       
1040001300011T 060000000838500000000   240000000000042858100000000000000010102011000000000018576000000270000000000000000          090000000000000000                                                  000000000000161020101                     
1040001300012U 06000000000000000000000000001486000000000000000000000000000000000000000017090000000000017090000000000000000000000000000000031020110410201100000410201100000000000000000000000000000000000000000000000000000000000000000000       
1040001300013T 060000000838500000000   240000000000076850100000000000000020102011000000000018576000014130000000000000000          090000000000000000                                                  000000000000161020101                     
1040001300014U 06000000000000000000000000003344000000000000000000000000000000000000000015232000000000015232000000000000000000000000000000031020110410201100000410201100000000000000000000000000000000000000000000000000000000000000000000       
1040001300015T 060000000838500000000   1400000000024433711               30092011000000000018576000017390                         090000000000000000                                                  000000000000161020101                     
1040001300016U 06000000000000000000000000000000000000000000000000000000000000000000000018576000000000018576000000000000000000000000000000031020110410201100000410201100000000000000000000000000000000000000000000000000000000000000000000       
1040001300017T 060000000838500000000   240000000000079972100000000000000030092011000000000018576000017390000000000000000          090000000000000000                                                  000000000000161020101                     
1040001300018U 06000000000000433000000000000000000000000000000000000000000000000000000019009000000000019009000000000000000000000000000000031020110410201100000410201100000000000000000000000000000000000000000000000000000000000000000000       
1040001300019T 060000000838500000000   1400000000023521711               10102011000000000019900000015760                         090000000000000000                                                  000000000000161020101                     
1040001300020U 06000000000000000000000000001592000000000000000000000000000000000000000018308000000000018308000000000000000000000000000000031020110410201100000410201100000000000000000000000000000000000000000000000000000000000000000000       
1040001300021T 060000000838500000000   240000000000058584100000000000000020092011000000000020500000015770000000000000000          090000000000000000                                                  000000000000161020101                     
1040001300022U 06000000000001362000000000000000000000000000000000000000000000000000000021862000000000021862000000000000000000000000000000031020110410201100000410201100000000000000000000000000000000000000000000000000000000000000000000       
1040001300023T 060000000838500000000   240000000000069454100000000000000010102011000000000020500000015210000000000000000          090000000000000000                                                  000000000000161020101                     
1040001300024U 06000000000000000000000000004715000000000000000000000000000000000000000015785000000000015785000000000000000000000000000000031020110410201100000410201100000000000000000000000000000000000000000000000000000000000000000000       
1040001300025T 280000000838500000000                     0               00000000000000000000000000000000                         000000000000000000                                                  0000000000001040000000000                 
1040001300026U 280000000000000000000000000000000000000000000000000000000000000000000000000000000000000000000000000000000000000000000000000310201100000000000003102011000000000000000                              000                           
10400015         00002800000000000000000000000000000000000000000000000000000000000000000000000000000000000000000000                                                                                                                             
10499999         000001000030                                                                                                                                                                                                                   
