10400000         2023354550001930000000000000000000001521008385000000000CENTRO DE FORMACAO DE ENFERMAGC ECON FEDERAL                          20410201101242400058204000000                    RETORNO-PRODUCAO                  000            
10400011T0100030 20023354550001930000000000000000000001521008385000000000CENTRO DE FORMACAO DE ENFERMAG                                                                                00000582041020110000000000                          00   
1040001300001T 060000000838500000000   1400000000022943331               30092011000000000017820000017390                         090000000000000000                                                  000000000000161020101                     
1040001300002U 06000000000000592000000000000000000000000000000000000000000000000000000018412000000000018412000000000000000000000000000000041020110510201100000510201100000000000000000000000000000000000000000000000000000000000000000000       
1040001300003T 060000000838500000000   1400000000023336651               10102011000000000019246000014050                         090000000000000000                                                  000000000000161020101                     
1040001300004U 06000000000000000000000000002887000000000000000000000000000000000000000016359000000000016359000000000000000000000000000000041020110510201100000510201100000000000000000000000000000000000000000000000000000000000000000000       
1040001300005T 060000000838500000000   240000000000061380100000000000000010102011000000000018576000000270000000000000000          090000000000000000                                                  000000000000161020101                     
1040001300006U 06000000000000000000000000001486000000000000000000000000000000000000000017090000000000017090000000000000000000000000000000041020110510201100000510201100000000000000000000000000000000000000000000000000000000000000000000       
1040001300007T 060000000838500000000   1400000000023526191               10102011000000000019900000015760                         090000000000000000                                                  000000000000161020101                     
1040001300008U 06000000000000000000000000001592000000000000000000000000000000000000000018308000000000018308000000000000000000000000000000041020110510201100000510201100000000000000000000000000000000000000000000000000000000000000000000       
1040001300009T 060000000838500000000   240000000000085204100000000000000010102011000000000015000000015210000000000000000          090000000000000000                                                  000000000000161020101                     
1040001300010U 06000000000000000000000000001800000000000000000000000000000000000000000013200000000000013200000000000000000000000000000000041020110510201100000510201100000000000000000000000000000000000000000000000000000000000000000000       
1040001300011T 280000000838500000000                     0               00000000000000000000000000000000                         000000000000000000                                                  0000000000000780000000000                 
1040001300012U 280000000000000000000000000000000000000000000000000000000000000000000000000000000000000000000000000000000000000000000000000410201100000000000004102011000000000000000                              000                           
10400015         00001400000000000000000000000000000000000000000000000000000000000000000000000000000000000000000000                                                                                                                             
10499999         000001000016                                                                                                                                                                                                                   
