10400000         2023354550001930000000000000000000001521008385000000000CENTRO DE FORMACAO DE ENFERMAGC ECON FEDERAL                          20510201101322500058304000000                    RETORNO-PRODUCAO                  000            
10400011T0100030 20023354550001930000000000000000000001521008385000000000CENTRO DE FORMACAO DE ENFERMAG                                                                                00000583051020110000000000                          00   
1040001300001T 060000000838500000000   1400000000022936981               20092011000000000017820000017390                         090000000000000000                                                  000000000000161020101                     
1040001300002U 06000000000000000000000000000000000000000000000000000000000000000000000017820000000000017820000000000000000000000000000000051020110610201100000610201100000000000000000000000000000000000000000000000000000000000000000000       
1040001300003T 060000000838500000000   1400000000023625761               10102011000000000022140000015760                         090000000000000000                                                  000000000000161020101                     
1040001300004U 06000000000000000000000000001771000000000000000000000000000000000000000020369000000000020369000000000000000000000000000000051020110610201100000610201100000000000000000000000000000000000000000000000000000000000000000000       
1040001300005T 060000000838500000000   1400000000025583301               10102011000000000019900001018780                         090000000000000000                                                  000000000000326040101                     
1040001300006U 06000000000000000000000000002985000000000000000000000000000000000000000016915000000000016915000000000000000000000000000000051020110610201100000610201100000000000000000000000000000000000000000000000000000000000000000000       
1040001300007T 060000000838500000000   240000000000064142100000000000000020092011000000000018576000015210000000000000000          090000000000000000                                                  000000000000161020101                     
1040001300008U 06000000000000000000000000001466000000000000000000000000000000000000000017110000000000017110000000000000000000000000000000051020110610201100000610201100000000000000000000000000000000000000000000000000000000000000000000       
1040001300009T 060000000838500000000   240000000000075977100000000000000010102011000000000020500000000270000000000000000          090000000000000000                                                  000000000000161020101                     
1040001300010U 06000000000000000000000000004715000000000000000000000000000000000000000015785000000000015785000000000000000000000000000000051020110610201100000610201100000000000000000000000000000000000000000000000000000000000000000000       
1040001300011T 060000000838500000000   240000000000077627100000000000000020102011000000000018576000015210000000000000000          090000000000000000                                                  000000000000161020101                     
1040001300012U 06000000000000000000000000003344000000000000000000000000000000000000000015232000000000015232000000000000000000000000000000051020110610201100000610201100000000000000000000000000000000000000000000000000000000000000000000       
1040001300013T 280000000838500000000                     0               00000000000000000000000000000000                         000000000000000000                                                  0000000000000780000000000                 
1040001300014U 280000000000000000000000000000000000000000000000000000000000000000000000000000000000000000000000000000000000000000000000000510201100000000000005102011000000000000000                              000                           
10400015         00001600000000000000000000000000000000000000000000000000000000000000000000000000000000000000000000                                                                                                                             
10499999         000001000018                                                                                                                                                                                                                   
