10400000         2023354550001930000000000000000000001521008385000000000CENTRO DE FORMACAO DE ENFERMAGC ECON FEDERAL                          20610201101285300058404000000                    RETORNO-PRODUCAO                  000            
10400011T0100030 20023354550001930000000000000000000001521008385000000000CENTRO DE FORMACAO DE ENFERMAG                                                                                00000584061020110000000000                          00   
1040001300001T 060000000838500000000   240000000000074415100000000000000010122011000000000002500001036490000000000000000          090000000000000000                                                  000000000000326040101                     
1040001300002U 06000000000000000000000000000000000000000000000000000000000000000000000002500000000000002500000000000000000000000000000000061020110710201100000710201100000000000000000000000000000000000000000000000000000000000000000000       
1040001300003T 060000000838500000000   1400000000022931591               30092011000000000017820000020630                         090000000000000000                                                  000000000000161020101                     
1040001300004U 06000000000000354000000000000000000000000000000000000000000000000000000018174000000000018174000000000000000000000000000000061020110710201100000710201100000000000000000000000000000000000000000000000000000000000000000000       
1040001300005T 060000000838500000000   1400000000023515071               10102011000000000019900000015210                         090000000000000000                                                  000000000000161020101                     
1040001300006U 06000000000000000000000000001592000000000000000000000000000000000000000018308000000000018308000000000000000000000000000000061020110710201100000710201100000000000000000000000000000000000000000000000000000000000000000000       
1040001300007T 060000000838500000000   1400000000023568431               10102011000000000017820000017390                         090000000000000000                                                  000000000000161020101                     
1040001300008U 06000000000000000000000000000891000000000000000000000000000000000000000016929000000000016929000000000000000000000000000000061020110710201100000710201100000000000000000000000000000000000000000000000000000000000000000000       
1040001300009T 060000000838500000000   1400000000023406531               10102011000000000019900000032730                         090000000000000000                                                  000000000000161020101                     
1040001300010U 06000000000000000000000000002985000000000000000000000000000000000000000016915000000000016915000000000000000000000000000000061020110710201100000710201100000000000000000000000000000000000000000000000000000000000000000000       
1040001300011T 060000000838500000000   1400000000023594001               31102011000000000020062000014050                         090000000000000000                                                  000000000000161020101                     
1040001300012U 06000000000000000000000000001605000000000000000000000000000000000000000018457000000000018457000000000000000000000000000000061020110710201100000710201100000000000000000000000000000000000000000000000000000000000000000000       
1040001300013T 060000000838500000000   240000000000054341100000000000000010102011000000000020500001036490000000000000000          090000000000000000                                                  000000000000326040101                     
1040001300014U 06000000000000000000000000001640000000000000000000000000000000000000000018860000000000018860000000000000000000000000000000061020110710201100000710201100000000000000000000000000000000000000000000000000000000000000000000       
1040001300015T 060000000838500000000   1400000000026295801               10102011000000000019876000039580                         090000000000000000                                                  000000000000161020101                     
1040001300016U 06000000000000000000000000003776000000000000000000000000000000000000000016100000000000016100000000000000000000000000000000061020110710201100000710201100000000000000000000000000000000000000000000000000000000000000000000       
1040001300017T 060000000838500000000   240000000000091387100000000000000010102011000000000021935000017390000000000000000          090000000000000000                                                  000000000000161020101                     
1040001300018U 06000000000000000000000000003071000000000000000000000000000000000000000018864000000000018864000000000000000000000000000000061020110710201100000710201100000000000000000000000000000000000000000000000000000000000000000000       
1040001300019T 060000000838500000000   1400000000026297261               10102011000000000019876000017390                         090000000000000000                                                  000000000000161020101                     
1040001300020U 06000000000000000000000000002783000000000000000000000000000000000000000017093000000000017093000000000000000000000000000000061020110710201100000710201100000000000000000000000000000000000000000000000000000000000000000000       
1040001300021T 060000000838500000000   240000000000083236100000000000000010102011000000000015000000016490000000000000000          090000000000000000                                                  000000000000161020101                     
1040001300022U 06000000000000000000000000001800000000000000000000000000000000000000000013200000000000013200000000000000000000000000000000061020110710201100000710201100000000000000000000000000000000000000000000000000000000000000000000       
1040001300023T 280000000838500000000                     0               00000000000000000000000000000000                         000000000000000000                                                  0000000000001820000000000                 
1040001300024U 280000000000000000000000000000000000000000000000000000000000000000000000000000000000000000000000000000000000000000000000000610201100000000000006102011000000000000000                              000                           
10400015         00002600000000000000000000000000000000000000000000000000000000000000000000000000000000000000000000                                                                                                                             
10499999         000001000028                                                                                                                                                                                                                   
