10400000         2023354550001930000000000000000000001521008385000000000CENTRO DE FORMACAO DE ENFERMAGC ECON FEDERAL                          20710201101295400058504000000                    RETORNO-PRODUCAO                  000            
10400011T0100030 20023354550001930000000000000000000001521008385000000000CENTRO DE FORMACAO DE ENFERMAG                                                                                00000585071020110000000000                          00   
1040001300001T 060000000838500000000   240000000000084666100000000000000020102011000000000015000000015760000000000000000          090000000000000000                                                  000000000000161020101                     
1040001300002U 06000000000000000000000000001200000000000000000000000000000000000000000013800000000000013800000000000000000000000000000000071020111010201100001010201100000000000000000000000000000000000000000000000000000000000000000000       
1040001300003T 060000000838500000000   240000000000070002100000000000000020102011000000000020500000014050000000000000000          090000000000000000                                                  000000000000161020101                     
1040001300004U 06000000000000000000000000004715000000000000000000000000000000000000000015785000000000015785000000000000000000000000000000071020111010201100001010201100000000000000000000000000000000000000000000000000000000000000000000       
1040001300005T 060000000838500000000   1400000000023511671               10102011000000000019900000015760                         090000000000000000                                                  000000000000161020101                     
1040001300006U 06000000000000000000000000001592000000000000000000000000000000000000000018308000000000018308000000000000000000000000000000071020111010201100001010201100000000000000000000000000000000000000000000000000000000000000000000       
1040001300007T 060000000838500000000   240000000000092375100000000000000010102011000000000021935237010240000000000000000          090000000000000000                                                  000000000000326040101                     
1040001300008U 06000000000000000000000000003071000000000000000000000000000000000000000018864000000000018864000000000000000000000000000000071020111010201100001010201100000000000000000000000000000000000000000000000000000000000000000000       
1040001300009T 060000000838500000000   1400000000023506161               10102011000000000019900000015760                         090000000000000000                                                  000000000000161020101                     
1040001300010U 06000000000000000000000000001592000000000000000000000000000000000000000018308000000000018308000000000000000000000000000000071020111010201100001010201100000000000000000000000000000000000000000000000000000000000000000000       
1040001300011T 060000000838500000000   1400000000023493401               10102011000000000019900001000200                         090000000000000000                                                  000000000000326040101                     
1040001300012U 06000000000000000000000000002985000000000000000000000000000000000000000016915000000000016915000000000000000000000000000000071020111010201100001010201100000000000000000000000000000000000000000000000000000000000000000000       
1040001300013T 060000000838500000000   1400000000023480421               20102011000000000019900000000270                         090000000000000000                                                  000000000000161020101                     
1040001300014U 06000000000000000000000000002985000000000000000000000000000000000000000016915000000000016915000000000000000000000000000000071020111010201100001010201100000000000000000000000000000000000000000000000000000000000000000000       
1040001300015T 060000000838500000000   1400000000026294911               20102011000000000018576000013070                         090000000000000000                                                  000000000000161020101                     
1040001300016U 06000000000000000000000000002229000000000000000000000000000000000000000016347000000000016347000000000000000000000000000000071020111010201100001010201100000000000000000000000000000000000000000000000000000000000000000000       
1040001300017T 060000000838500000000   1400000000023587301               10102011000000000020062000000270                         090000000000000000                                                  000000000000161020101                     
1040001300018U 06000000000000000000000000000000000000000000000000000000000000000000000020062000000000020062000000000000000000000000000000071020111010201100001010201100000000000000000000000000000000000000000000000000000000000000000000       
1040001300019T 060000000838500000000   1400000000024180401               10102011000000000019246000031200                         090000000000000000                                                  000000000000161020101                     
1040001300020U 06000000000000000000000000001540000000000000000000000000000000000000000017706000000000017706000000000000000000000000000000071020111010201100001010201100000000000000000000000000000000000000000000000000000000000000000000       
1040001300021T 060000000838500000000   1400000000025266681               30092011000000000019900000015210                         090000000000000000                                                  000000000000161020101                     
1040001300022U 06000000000000860000000000000000000000000000000000000000000000000000000020760000000000020760000000000000000000000000000000071020111010201100001010201100000000000000000000000000000000000000000000000000000000000000000000       
1040001300023T 060000000838500000000   1400000000025007071               10102011000000000019246000015770                         090000000000000000                                                  000000000000161020101                     
1040001300024U 06000000000000000000000000002887000000000000000000000000000000000000000016359000000000016359000000000000000000000000000000071020111010201100001010201100000000000000000000000000000000000000000000000000000000000000000000       
1040001300025T 060000000838500000000   1400000000025219411               10102011000000000022140000015210                         090000000000000000                                                  000000000000161020101                     
1040001300026U 06000000000000000000000000003321000000000000000000000000000000000000000018819000000000018819000000000000000000000000000000071020111010201100001010201100000000000000000000000000000000000000000000000000000000000000000000       
1040001300027T 060000000838500000000   1400000000025026291               10102011000000000019900000039580                         090000000000000000                                                  000000000000161020101                     
1040001300028U 06000000000000000000000000002985000000000000000000000000000000000000000016915000000000016915000000000000000000000000000000071020111010201100001010201100000000000000000000000000000000000000000000000000000000000000000000       
1040001300029T 280000000838500000000                     0               00000000000000000000000000000000                         000000000000000000                                                  0000000000002860000000000                 
1040001300030U 280000000000000000000000000000000000000000000000000000000000000000000000000000000000000000000000000000000000000000000000000710201100000000000007102011000000000000000                              000                           
10400015         00003200000000000000000000000000000000000000000000000000000000000000000000000000000000000000000000                                                                                                                             
10499999         000001000034                                                                                                                                                                                                                   
