10400000         2023354550001930000000000000000000001521008385000000000CENTRO DE FORMACAO DE ENFERMAGC ECON FEDERAL                          21010201102430000058604000000                    RETORNO-PRODUCAO                  000            
10400011T0100030 20023354550001930000000000000000000001521008385000000000CENTRO DE FORMACAO DE ENFERMAG                                                                                00000586101020110000000000                          00   
1040001300001T 060000000838500000000   1400000000025059381               10102011000000000019900000015760                         090000000000000000                                                  000000000000161020101                     
1040001300002U 06000000000000000000000000001592000000000000000000000000000000000000000018308000000000018308000000000000000000000000000000101020111110201100001110201100000000000000000000000000000000000000000000000000000000000000000000       
1040001300003T 060000000838500000000   240000000000033654100000000000000020102011000000000018576000021510000000000000000          090000000000000000                                                  000000000000161020101                     
1040001300004U 06000000000000000000000000003344000000000000000000000000000000000000000015232000000000015232000000000000000000000000000000101020111110201100001110201100000000000000000000000000000000000000000000000000000000000000000000       
1040001300005T 060000000838500000000   240000000000035584100000000000000020102011000000000020500000016490000000000000000          090000000000000000                                                  000000000000161020101                     
1040001300006U 06000000000000000000000000001640000000000000000000000000000000000000000018860000000000018860000000000000000000000000000000101020111110201100001110201100000000000000000000000000000000000000000000000000000000000000000000       
1040001300007T 060000000838500000000   1400000000022917681               10102011000000000018576237010370                         090000000000000000                                                  000000000000326040101                     
1040001300008U 06000000000000000000000000003344000000000000000000000000000000000000000015232000000000015232000000000000000000000000000000101020111110201100001110201100000000000000000000000000000000000000000000000000000000000000000000       
1040001300009T 060000000838500000000   1400000000023586251               10102011000000000022140000015210                         090000000000000000                                                  000000000000161020101                     
1040001300010U 06000000000000000000000000001771000000000000000000000000000000000000000020369000000000020369000000000000000000000000000000101020111110201100001110201100000000000000000000000000000000000000000000000000000000000000000000       
1040001300011T 060000000838500000000   1400000000025088131               10102011000000000019900237011680                         090000000000000000                                                  000000000000326040101                     
1040001300012U 06000000000000000000000000001592000000000000000000000000000000000000000018308000000000018308000000000000000000000000000000101020111110201100001110201100000000000000000000000000000000000000000000000000000000000000000000       
1040001300013T 060000000838500000000   1400000000025262341               10102011000000000019900237013190                         090000000000000000                                                  000000000000326040101                     
1040001300014U 06000000000000000000000000002985000000000000000000000000000000000000000016915000000000016915000000000000000000000000000000101020111110201100001110201100000000000000000000000000000000000000000000000000000000000000000000       
1040001300015T 060000000838500000000   1400000000025263401               10102011000000000019900033033130                         090000000000000000                                                  000000000000326040101                     
1040001300016U 06000000000000000000000000001592000000000000000000000000000000000000000018308000000000018308000000000000000000000000000000101020111110201100001110201100000000000000000000000000000000000000000000000000000000000000000000       
1040001300017T 060000000838500000000   1400000000025282101               10102011000000000020062000014130                         090000000000000000                                                  000000000000161020101                     
1040001300018U 06000000000000000000000000001605000000000000000000000000000000000000000018457000000000018457000000000000000000000000000000101020111110201100001110201100000000000000000000000000000000000000000000000000000000000000000000       
1040001300019T 060000000838500000000   1400000000025586911               10102011000000000022140237011670                         090000000000000000                                                  000000000000326040101                     
1040001300020U 06000000000000000000000000005092000000000000000000000000000000000000000017048000000000017048000000000000000000000000000000101020111110201100001110201100000000000000000000000000000000000000000000000000000000000000000000       
1040001300021T 060000000838500000000   1400000000026162681               10102011000000000020062000014130                         090000000000000000                                                  000000000000161020101                     
1040001300022U 06000000000000000000000000002407000000000000000000000000000000000000000017655000000000017655000000000000000000000000000000101020111110201100001110201100000000000000000000000000000000000000000000000000000000000000000000       
1040001300023T 060000000838500000000   1400000000026283631               10102011000000000019876000016490                         090000000000000000                                                  000000000000161020101                     
1040001300024U 06000000000000000000000000002783000000000000000000000000000000000000000017093000000000017093000000000000000000000000000000101020111110201100001110201100000000000000000000000000000000000000000000000000000000000000000000       
1040001300025T 060000000838500000000   1400000000026284281               10102011000000000018576000016490                         090000000000000000                                                  000000000000161020101                     
1040001300026U 06000000000000000000000000003529000000000000000000000000000000000000000015047000000000015047000000000000000000000000000000101020111110201100001110201100000000000000000000000000000000000000000000000000000000000000000000       
1040001300027T 060000000838500000000   1400000000026287201               10102011000000000019876000015210                         090000000000000000                                                  000000000000161020101                     
1040001300028U 06000000000000000000000000003776000000000000000000000000000000000000000016100000000000016100000000000000000000000000000000101020111110201100001110201100000000000000000000000000000000000000000000000000000000000000000000       
1040001300029T 060000000838500000000   1400000000026296291               10102011000000000018576000031200                         090000000000000000                                                  000000000000161020101                     
1040001300030U 06000000000000000000000000002229000000000000000000000000000000000000000016347000000000016347000000000000000000000000000000101020111110201100001110201100000000000000000000000000000000000000000000000000000000000000000000       
1040001300031T 060000000838500000000   1400000000026301711               20102011000000000019876000015760                         090000000000000000                                                  000000000000161020101                     
1040001300032U 06000000000000000000000000003776000000000000000000000000000000000000000016100000000000016100000000000000000000000000000000101020111110201100001110201100000000000000000000000000000000000000000000000000000000000000000000       
1040001300033T 060000000838500000000   1400000000026323791               10102011000000000019876000015760                         090000000000000000                                                  000000000000161020101                     
1040001300034U 06000000000000000000000000001789000000000000000000000000000000000000000018087000000000018087000000000000000000000000000000101020111110201100001110201100000000000000000000000000000000000000000000000000000000000000000000       
1040001300035T 060000000838500000000   1400000000026327941               10102011000000000019876000016490                         090000000000000000                                                  000000000000149060101                     
1040001300036U 06000000000000000000000000001789000000000000000000000000000000000000000018087000000000018087000000000000000000000000000000101020111110201100001110201100000000000000000000000000000000000000000000000000000000000000000000       
1040001300037T 060000000838500000000   1400000000026328911               20102011000000000019876000015210                         090000000000000000                                                  000000000000161020101                     
1040001300038U 06000000000000000000000000001789000000000000000000000000000000000000000018087000000000018087000000000000000000000000000000101020111110201100001110201100000000000000000000000000000000000000000000000000000000000000000000       
1040001300039T 060000000838500000000   240000000000016067100000000000000010102011000000000020500000015760000000000000000          090000000000000000                                                  000000000000161020101                     
1040001300040U 06000000000000000000000000004715000000000000000000000000000000000000000015785000000000015785000000000000000000000000000000101020111110201100001110201100000000000000000000000000000000000000000000000000000000000000000000       
1040001300041T 060000000838500000000   240000000000029452100000000000000010102011000000000020500237026170000000000000000          090000000000000000                                                  000000000000326040101                     
1040001300042U 06000000000000000000000000004715000000000000000000000000000000000000000015785000000000015785000000000000000000000000000000101020111110201100001110201100000000000000000000000000000000000000000000000000000000000000000000       
1040001300043T 060000000838500000000   240000000000032372100000000000000010102011000000000018576000017390000000000000000          090000000000000000                                                  000000000000161020101                     
1040001300044U 06000000000000000000000000003344000000000000000000000000000000000000000015232000000000015232000000000000000000000000000000101020111110201100001110201100000000000000000000000000000000000000000000000000000000000000000000       
1040001300045T 060000000838500000000   240000000000036777100000000000000010102011000000000018576001016390000000000000000          090000000000000000                                                  000000000000326040101                     
1040001300046U 06000000000000000000000000001486000000000000000000000000000000000000000017090000000000017090000000000000000000000000000000101020111110201100001110201100000000000000000000000000000000000000000000000000000000000000000000       
1040001300047T 060000000838500000000   240000000000046900100000000000000010102011000000000020500000017390000000000000000          090000000000000000                                                  000000000000161020101                     
1040001300048U 06000000000000000000000000004715000000000000000000000000000000000000000015785000000000015785000000000000000000000000000000101020111110201100001110201100000000000000000000000000000000000000000000000000000000000000000000       
1040001300049T 060000000838500000000   240000000000046969100000000000000010102011000000000002500000017390000000000000000          090000000000000000                                                  000000000000161020101                     
1040001300050U 06000000000000000000000000000000000000000000000000000000000000000000000002500000000000002500000000000000000000000000000000101020111110201100001110201100000000000000000000000000000000000000000000000000000000000000000000       
1040001300051T 060000000838500000000   240000000000047299100000000000000010102011000000000020500000031200000000000000000          090000000000000000                                                  000000000000161020101                     
1040001300052U 06000000000000000000000000004715000000000000000000000000000000000000000015785000000000015785000000000000000000000000000000101020111110201100001110201100000000000000000000000000000000000000000000000000000000000000000000       
1040001300053T 060000000838500000000   240000000000048678100000000000000010102011000000000020500000017390000000000000000          090000000000000000                                                  000000000000161020101                     
1040001300054U 06000000000000000000000000004715000000000000000000000000000000000000000015785000000000015785000000000000000000000000000000101020111110201100001110201100000000000000000000000000000000000000000000000000000000000000000000       
1040001300055T 060000000838500000000   240000000000048732100000000000000010102011000000000002500000017390000000000000000          090000000000000000                                                  000000000000161020101                     
1040001300056U 06000000000000000000000000000000000000000000000000000000000000000000000002500000000000002500000000000000000000000000000000101020111110201100001110201100000000000000000000000000000000000000000000000000000000000000000000       
1040001300057T 060000000838500000000   240000000000050087100000000000000010102011000000000020500000015760000000000000000          090000000000000000                                                  000000000000161020101                     
1040001300058U 06000000000000000000000000003485000000000000000000000000000000000000000017015000000000017015000000000000000000000000000000101020111110201100001110201100000000000000000000000000000000000000000000000000000000000000000000       
1040001300059T 060000000838500000000   240000000000053469100000000000000010102011000000000020500000014050000000000000000          090000000000000000                                                  000000000000161020101                     
1040001300060U 06000000000000000000000000001640000000000000000000000000000000000000000018860000000000018860000000000000000000000000000000101020111110201100001110201100000000000000000000000000000000000000000000000000000000000000000000       
1040001300061T 060000000838500000000   240000000000054120100000000000000010102011000000000020500000015210000000000000000          090000000000000000                                                  000000000000161020101                     
1040001300062U 06000000000000000000000000001640000000000000000000000000000000000000000018860000000000018860000000000000000000000000000000101020111110201100001110201100000000000000000000000000000000000000000000000000000000000000000000       
1040001300063T 060000000838500000000   240000000000057006100000000000000010102011000000000020500033007730000000000000000          090000000000000000                                                  000000000000326040101                     
1040001300064U 06000000000000000000000000003485000000000000000000000000000000000000000017015000000000017015000000000000000000000000000000101020111110201100001110201100000000000000000000000000000000000000000000000000000000000000000000       
1040001300065T 060000000838500000000   240000000000059556100000000000000010102011000000000018576000016490000000000000000          090000000000000000                                                  000000000000149060101                     
1040001300066U 06000000000000000000000000003344000000000000000000000000000000000000000015232000000000015232000000000000000000000000000000101020111110201100001110201100000000000000000000000000000000000000000000000000000000000000000000       
1040001300067T 060000000838500000000   240000000000063065100000000000000010102011000000000018576000015210000000000000000          090000000000000000                                                  000000000000161020101                     
1040001300068U 06000000000000000000000000001486000000000000000000000000000000000000000017090000000000017090000000000000000000000000000000101020111110201100001110201100000000000000000000000000000000000000000000000000000000000000000000       
1040001300069T 060000000838500000000   240000000000068792100000000000000010102011000000000020500000016490000000000000000          090000000000000000                                                  000000000000161020101                     
1040001300070U 06000000000000000000000000004715000000000000000000000000000000000000000015785000000000015785000000000000000000000000000000101020111110201100001110201100000000000000000000000000000000000000000000000000000000000000000000       
1040001300071T 060000000838500000000   240000000000068903100000000000000010102011000000000020500000015210000000000000000          090000000000000000                                                  000000000000161020101                     
1040001300072U 06000000000000000000000000004715000000000000000000000000000000000000000015785000000000015785000000000000000000000000000000101020111110201100001110201100000000000000000000000000000000000000000000000000000000000000000000       
1040001300073T 060000000838500000000   240000000000075519100000000000000010102011000000000020500000007680000000000000000          090000000000000000                                                  000000000000161020101                     
1040001300074U 06000000000000000000000000004715000000000000000000000000000000000000000015785000000000015785000000000000000000000000000000101020111110201100001110201100000000000000000000000000000000000000000000000000000000000000000000       
1040001300075T 060000000838500000000   240000000000076124100000000000000010102011000000000020500000000270000000000000000          090000000000000000                                                  000000000000161020101                     
1040001300076U 06000000000000000000000000004715000000000000000000000000000000000000000015785000000000015785000000000000000000000000000000101020111110201100001110201100000000000000000000000000000000000000000000000000000000000000000000       
1040001300077T 060000000838500000000   240000000000077473100000000000000010102011000000000018576000015770000000000000000          090000000000000000                                                  000000000000161020101                     
1040001300078U 06000000000000000000000000003344000000000000000000000000000000000000000015232000000000015232000000000000000000000000000000101020111110201100001110201100000000000000000000000000000000000000000000000000000000000000000000       
1040001300079T 060000000838500000000   240000000000077783100000000000000010102011000000000018576237013190000000000000000          090000000000000000                                                  000000000000326040101                     
1040001300080U 06000000000000000000000000003344000000000000000000000000000000000000000015232000000000015232000000000000000000000000000000101020111110201100001110201100000000000000000000000000000000000000000000000000000000000000000000       
1040001300081T 060000000838500000000   240000000000078313100000000000000010102011000000000018576000032730000000000000000          090000000000000000                                                  000000000000161020101                     
1040001300082U 06000000000000000000000000003344000000000000000000000000000000000000000015232000000000015232000000000000000000000000000000101020111110201100001110201100000000000000000000000000000000000000000000000000000000000000000000       
1040001300083T 060000000838500000000   240000000000080180100000000000000010102011000000000018576000016490000000000000000          090000000000000000                                                  000000000000161020101                     
1040001300084U 06000000000000000000000000002229000000000000000000000000000000000000000016347000000000016347000000000000000000000000000000101020111110201100001110201100000000000000000000000000000000000000000000000000000000000000000000       
1040001300085T 060000000838500000000   240000000000081233100000000000000010102011000000000018576000015760000000000000000          090000000000000000                                                  000000000000161020101                     
1040001300086U 06000000000000000000000000001567000000000000000000000000000000000000000017009000000000017009000000000000000000000000000000101020111110201100001110201100000000000000000000000000000000000000000000000000000000000000000000       
1040001300087T 060000000838500000000   240000000000082302100000000000000010102011000000000015000000015760000000000000000          090000000000000000                                                  000000000000161020101                     
1040001300088U 06000000000000000000000000001800000000000000000000000000000000000000000013200000000000013200000000000000000000000000000000101020111110201100001110201100000000000000000000000000000000000000000000000000000000000000000000       
1040001300089T 060000000838500000000   1400000000023603011               10102011000000000022140000014050                         090000000000000000                                                  000000000000161020101                     
1040001300090U 06000000000000000000000000001771000000000000000000000000000000000000000020369000000000020369000000000000000000000000000000101020111110201100001110201100000000000000000000000000000000000000000000000000000000000000000000       
1040001300091T 060000000838500000000   240000000000082841100000000000000010102011000000000015000000015760000000000000000          090000000000000000                                                  000000000000161020101                     
1040001300092U 06000000000000000000000000001200000000000000000000000000000000000000000013800000000000013800000000000000000000000000000000101020111110201100001110201100000000000000000000000000000000000000000000000000000000000000000000       
1040001300093T 060000000838500000000   240000000000083104100000000000000010102011000000000015000000014130000000000000000          090000000000000000                                                  000000000000161020101                     
1040001300094U 06000000000000000000000000001800000000000000000000000000000000000000000013200000000000013200000000000000000000000000000000101020111110201100001110201100000000000000000000000000000000000000000000000000000000000000000000       
1040001300095T 060000000838500000000   240000000000083791100000000000000010102011000000000015000001042880000000000000000          090000000000000000                                                  000000000000326040101                     
1040001300096U 06000000000000000000000000001800000000000000000000000000000000000000000013200000000000013200000000000000000000000000000000101020111110201100001110201100000000000000000000000000000000000000000000000000000000000000000000       
1040001300097T 060000000838500000000   240000000000086499100000000000000020102011000000000019876000015760000000000000000          090000000000000000                                                  000000000000161020101                     
1040001300098U 06000000000000000000000000001789000000000000000000000000000000000000000018087000000000018087000000000000000000000000000000101020111110201100001110201100000000000000000000000000000000000000000000000000000000000000000000       
1040001300099T 060000000838500000000   240000000000088572100000000000000010102011000000000019876000017390000000000000000          090000000000000000                                                  000000000000161020101                     
1040001300100U 06000000000000000000000000001789000000000000000000000000000000000000000018087000000000018087000000000000000000000000000000101020111110201100001110201100000000000000000000000000000000000000000000000000000000000000000000       
1040001300101T 060000000838500000000   240000000000092596100000000000000010102011000000000021935000000270000000000000000          090000000000000000                                                  000000000000161020101                     
1040001300102U 06000000000000000000000000003071000000000000000000000000000000000000000018864000000000018864000000000000000000000000000000101020111110201100001110201100000000000000000000000000000000000000000000000000000000000000000000       
1040001300103T 060000000838500000000   240000000000093495100000000000000010102011000000000021935000015210000000000000000          090000000000000000                                                  000000000000161020101                     
1040001300104U 06000000000000000000000000004168000000000000000000000000000000000000000017767000000000017767000000000000000000000000000000101020111110201100001110201100000000000000000000000000000000000000000000000000000000000000000000       
1040001300105T 060000000838500000000   240000000000093932100000000000000010102011000000000021935000017390000000000000000          090000000000000000                                                  000000000000161020101                     
1040001300106U 06000000000000000000000000004168000000000000000000000000000000000000000017767000000000017767000000000000000000000000000000101020111110201100001110201100000000000000000000000000000000000000000000000000000000000000000000       
1040001300107T 060000000838500000000   240000000000094840100000000000000020102011000000000021935000015770000000000000000          090000000000000000                                                  000000000000161020101                     
1040001300108U 06000000000000000000000000004168000000000000000000000000000000000000000017767000000000017767000000000000000000000000000000101020111110201100001110201100000000000000000000000000000000000000000000000000000000000000000000       
1040001300109T 060000000838500000000   240000000000095390100000000000000010102011000000000021935237013900000000000000000          090000000000000000                                                  000000000000326040101                     
1040001300110U 06000000000000000000000000004168000000000000000000000000000000000000000017767000000000017767000000000000000000000000000000101020111110201100001110201100000000000000000000000000000000000000000000000000000000000000000000       
1040001300111T 060000000838500000000   240000000000096273100000000000000010102011000000000021935000013070000000000000000          090000000000000000                                                  000000000000161020101                     
1040001300112U 06000000000000000000000000004168000000000000000000000000000000000000000017767000000000017767000000000000000000000000000000101020111110201100001110201100000000000000000000000000000000000000000000000000000000000000000000       
1040001300113T 060000000838500000000   240000000000097733100000000000000010102011000000000021935000039580000000000000000          090000000000000000                                                  000000000000161020101                     
1040001300114U 06000000000000000000000000001974000000000000000000000000000000000000000019961000000000019961000000000000000000000000000000101020111110201100001110201100000000000000000000000000000000000000000000000000000000000000000000       
1040001300115T 060000000838500000000   1400000000024175831               10102011000000000019246000015760                         090000000000000000                                                  000000000000149060101                     
1040001300116U 06000000000000000000000000001540000000000000000000000000000000000000000017706000000000017706000000000000000000000000000000101020111110201100001110201100000000000000000000000000000000000000000000000000000000000000000000       
1040001300117T 060000000838500000000   1400000000024178261               10102011000000000019246000006710                         090000000000000000                                                  000000000000161020101                     
1040001300118U 06000000000000000000000000000000000000000000000000000000000000000000000019246000000000019246000000000000000000000000000000101020111110201100001110201100000000000000000000000000000000000000000000000000000000000000000000       
1040001300119T 060000000838500000000   1400000000025016901               10102011000000000019246000000270                         090000000000000000                                                  000000000000161020101                     
1040001300120U 06000000000000000000000000002887000000000000000000000000000000000000000016359000000000016359000000000000000000000000000000101020111110201100001110201100000000000000000000000000000000000000000000000000000000000000000000       
1040001300121T 060000000838500000000   1400000000025020761               10102011000000000019900001014140                         090000000000000000                                                  000000000000326040101                     
1040001300122U 06000000000000000000000000001592000000000000000000000000000000000000000018308000000000018308000000000000000000000000000000101020111110201100001110201100000000000000000000000000000000000000000000000000000000000000000000       
1040001300123T 280000000838500000000                     0               00000000000000000000000000000000                         000000000000000000                                                  0000000000005720000000000                 
1040001300124U 280000000000000000000000000000000000000000000000000000000000000000000000000000000000000000000000000000000000000000000000001010201100000000000010102011000000000000000                              000                           
10400015         00012600000000000000000000000000000000000000000000000000000000000000000000000000000000000000000000                                                                                                                             
10499999         000001000128                                                                                                                                                                                                                   
