10400000         2023354550001930000000000000000000001521008385000000000CENTRO DE FORMACAO DE ENFERMAGC ECON FEDERAL                          21110201101295200058704000000                    RETORNO-PRODUCAO                  000            
10400011T0100030 20023354550001930000000000000000000001521008385000000000CENTRO DE FORMACAO DE ENFERMAG                                                                                00000587111020110000000000                          00   
1040001300001T 060000000838500000000   1400000000026197041               10102011000000000020062000006710                         090000000000000000                                                  000000000000320030100                     
1040001300002U 06000000000000000000000000000000000000000000000000000000000000000000000020062000000000020062000000000000000000000000000000111020111110201100001110201100000000000000000000000000000000000000000000000000000000000000000000       
1040001300003T 060000000838500000000   1400000000025209371               30092011000000000022140000015210                         090000000000000000                                                  000000000000161020101                     
1040001300004U 06000000000001245000000000000000000000000000000000000000000000000000000023385000000000023385000000000000000000000000000000111020111310201100001310201100000000000000000000000000000000000000000000000000000000000000000000       
1040001300005T 060000000838500000000   240000000000065505100000000000000010102011000000000020500000016490000000000000000          090000000000000000                                                  000000000000161020101                     
1040001300006U 06000000000000478000000000000000000000000000000000000000000000000000000020978000000000020978000000000000000000000000000000111020111310201100001310201100000000000000000000000000000000000000000000000000000000000000000000       
1040001300007T 060000000838500000000   1400000000025872171               30092011000000000021935000013070                         090000000000000000                                                  000000000000161020101                     
1040001300008U 06000000000001230000000000000000000000000000000000000000000000000000000023165000000000023165000000000000000000000000000000111020111310201100001310201100000000000000000000000000000000000000000000000000000000000000000000       
1040001300009T 280000000838500000000                     0               00000000000000000000000000000000                         000000000000000000                                                  0000000000000780000000000                 
1040001300010U 280000000000000000000000000000000000000000000000000000000000000000000000000000000000000000000000000000000000000000000000001110201100000000000011102011000000000000000                              000                           
10400015         00001200000000000000000000000000000000000000000000000000000000000000000000000000000000000000000000                                                                                                                             
10499999         000001000014                                                                                                                                                                                                                   
