10400000         2023354550001930000000000000000000001521008385000000000CENTRO DE FORMACAO DE ENFERMAGC ECON FEDERAL                          21310201102070800058804000000                    RETORNO-PRODUCAO                  000            
10400011T0100030 20023354550001930000000000000000000001521008385000000000CENTRO DE FORMACAO DE ENFERMAG                                                                                00000588131020110000000000                          00   
1040001300001T 060000000838500000000   240000000000055470100000000000000020102011000000000020500000039580000000000000000          090000000000000000                                                  000000000000161020101                     
1040001300002U 06000000000000000000000000004715000000000000000000000000000000000000000015785000000000015785000000000000000000000000000000131020111410201100001410201100000000000000000000000000000000000000000000000000000000000000000000       
1040001300003T 060000000838500000000   240000000000080490100000000000000020102011000000000018576000016490000000000000000          090000000000000000                                                  000000000000161020101                     
1040001300004U 06000000000000000000000000001486000000000000000000000000000000000000000017090000000000017090000000000000000000000000000000131020111410201100001410201100000000000000000000000000000000000000000000000000000000000000000000       
1040001300005T 060000000838500000000   240000000000069349100000000000000020102011000000000020500000000270000000000000000          090000000000000000                                                  000000000000161020101                     
1040001300006U 06000000000000000000000000004715000000000000000000000000000000000000000015785000000000015785000000000000000000000000000000131020111410201100001410201100000000000000000000000000000000000000000000000000000000000000000000       
1040001300007T 060000000838500000000   1400000000026328161               20102011000000000019876001018780                         090000000000000000                                                  000000000000326040101                     
1040001300008U 06000000000000000000000000000000000000000000000000000000000000000000000019876000000000019876000000000000000000000000000000131020111410201100001410201100000000000000000000000000000000000000000000000000000000000000000000       
1040001300009T 060000000838500000000   240000000000062085100000000000000020102011000000000018576000015770000000000000000          090000000000000000                                                  000000000000161020101                     
1040001300010U 06000000000000000000000000001567000000000000000000000000000000000000000017009000000000017009000000000000000000000000000000131020111410201100001410201100000000000000000000000000000000000000000000000000000000000000000000       
1040001300011T 280000000838500000000                     0               00000000000000000000000000000000                         000000000000000000                                                  0000000000000260000000000                 
1040001300012U 280000000000000000000000000000000000000000000000000000000000000000000000000000000000000000000000000000000000000000000000001310201100000000000013102011000000000000000                              000                           
10400015         00001400000000000000000000000000000000000000000000000000000000000000000000000000000000000000000000                                                                                                                             
10499999         000001000016                                                                                                                                                                                                                   
