10400000         2023354550001930000000000000000000001521008385000000000CENTRO DE FORMACAO DE ENFERMAGC ECON FEDERAL                          21410201102022300058904000000                    RETORNO-PRODUCAO                  000            
10400011T0100030 20023354550001930000000000000000000001521008385000000000CENTRO DE FORMACAO DE ENFERMAG                                                                                00000589141020110000000000                          00   
1040001300001T 060000000838500000000   240000000000084160100000000000000020102011000000000015000000015760000000000000000          090000000000000000                                                  000000000000161020101                     
1040001300002U 06000000000000000000000000001800000000000000000000000000000000000000000013200000000000013200000000000000000000000000000000141020111710201100001710201100000000000000000000000000000000000000000000000000000000000000000000       
1040001300003T 060000000838500000000   1400000000025269941               10102011000000000019900000017390                         090000000000000000                                                  000000000000161020101                     
1040001300004U 06000000000000662000000000000000000000000000000000000000000000000000000020562000000000020562000000000000000000000000000000141020111710201100001710201100000000000000000000000000000000000000000000000000000000000000000000       
1040001300005T 060000000838500000000   240000000000076442100000000000000020102011000000000020500000039580000000000000000          090000000000000000                                                  000000000000161020101                     
1040001300006U 06000000000000000000000000004713000000000000000000000000000000000000000015787000000000015787000000000000000000000000000000141020111710201100001710201100000000000000000000000000000000000000000000000000000000000000000000       
1040001300007T 060000000838500000000   240000000000099604100000000000000020102011000000000021935000015760000000000000000          090000000000000000                                                  000000000000161020101                     
1040001300008U 06000000000000000000000000001974000000000000000000000000000000000000000019961000000000019961000000000000000000000000000000141020111710201100001710201100000000000000000000000000000000000000000000000000000000000000000000       
1040001300009T 280000000838500000000                     0               00000000000000000000000000000000                         000000000000000000                                                  0000000000000260000000000                 
1040001300010U 280000000000000000000000000000000000000000000000000000000000000000000000000000000000000000000000000000000000000000000000001410201100000000000014102011000000000000000                              000                           
10400015         00001200000000000000000000000000000000000000000000000000000000000000000000000000000000000000000000                                                                                                                             
10499999         000001000014                                                                                                                                                                                                                   
