10400000         2023354550001930000000000000000000001521008385000000000CENTRO DE FORMACAO DE ENFERMAGC ECON FEDERAL                          21710201102232000059004000000                    RETORNO-PRODUCAO                  000            
10400011T0100030 20023354550001930000000000000000000001521008385000000000CENTRO DE FORMACAO DE ENFERMAG                                                                                00000590171020110000000000                          00   
1040001300001T 060000000838500000000   1400000000023552781               20102011000000000018576000016490                         090000000000000000                                                  000000000000161020101                     
1040001300002U 06000000000000000000000000001486000000000000000000000000000000000000000017090000000000017090000000000000000000000000000000171020111810201100001810201100000000000000000000000000000000000000000000000000000000000000000000       
1040001300003T 060000000838500000000   1400000000025029551               20102011000000000019900000031200                         090000000000000000                                                  000000000000161020101                     
1040001300004U 06000000000000000000000000002985000000000000000000000000000000000000000016915000000000016915000000000000000000000000000000171020111810201100001810201100000000000000000000000000000000000000000000000000000000000000000000       
1040001300005T 060000000838500000000   1400000000025508601               31102011000000000020062000015760                         090000000000000000                                                  000000000000161020101                     
1040001300006U 06000000000000000000000000003009000000000000000000000000000000000000000017053000000000017053000000000000000000000000000000171020111810201100001810201100000000000000000000000000000000000000000000000000000000000000000000       
1040001300007T 060000000838500000000   240000000000032089100000000000000020102011000000000020500000015760000000000000000          090000000000000000                                                  000000000000161020101                     
1040001300008U 06000000000000000000000000004715000000000000000000000000000000000000000015785000000000015785000000000000000000000000000000171020111810201100001810201100000000000000000000000000000000000000000000000000000000000000000000       
1040001300009T 060000000838500000000   240000000000032500100000000000000020102011000000000018576001016390000000000000000          090000000000000000                                                  000000000000326040101                     
1040001300010U 06000000000000000000000000005573000000000000000000000000000000000000000013003000000000013003000000000000000000000000000000171020111810201100001810201100000000000000000000000000000000000000000000000000000000000000000000       
1040001300011T 060000000838500000000   240000000000048562100000000000000020102011000000000002500000015760000000000000000          090000000000000000                                                  000000000000161020101                     
1040001300012U 06000000000000000000000000000000000000000000000000000000000000000000000002500000000000002500000000000000000000000000000000171020111810201100001810201100000000000000000000000000000000000000000000000000000000000000000000       
1040001300013T 060000000838500000000   240000000000048759100000000000000020102011000000000020500000015760000000000000000          090000000000000000                                                  000000000000161020101                     
1040001300014U 06000000000000000000000000001640000000000000000000000000000000000000000018860000000000018860000000000000000000000000000000171020111810201100001810201100000000000000000000000000000000000000000000000000000000000000000000       
1040001300015T 060000000838500000000   240000000000048813100000000000000020102011000000000002500000015760000000000000000          090000000000000000                                                  000000000000161020101                     
1040001300016U 06000000000000000000000000000000000000000000000000000000000000000000000002500000000000002500000000000000000000000000000000171020111810201100001810201100000000000000000000000000000000000000000000000000000000000000000000       
1040001300017T 060000000838500000000   240000000000075527100000000000000010112011000000000020500000007680000000000000000          090000000000000000                                                  000000000000161020101                     
1040001300018U 06000000000000000000000000004715000000000000000000000000000000000000000015785000000000015785000000000000000000000000000000171020111810201100001810201100000000000000000000000000000000000000000000000000000000000000000000       
1040001300019T 060000000838500000000   240000000000083678100000000000000020102011000000000015000000031200000000000000000          090000000000000000                                                  000000000000161020101                     
1040001300020U 06000000000000000000000000001800000000000000000000000000000000000000000013200000000000013200000000000000000000000000000000171020111810201100001810201100000000000000000000000000000000000000000000000000000000000000000000       
1040001300021T 280000000838500000000                     0               00000000000000000000000000000000                         000000000000000000                                                  0000000000000780000000000                 
1040001300022U 280000000000000000000000000000000000000000000000000000000000000000000000000000000000000000000000000000000000000000000000001710201100000000000017102011000000000000000                              000                           
10400015         00002400000000000000000000000000000000000000000000000000000000000000000000000000000000000000000000                                                                                                                             
10499999         000001000026                                                                                                                                                                                                                   
