10400000         2023354550001930000000000000000000001521008385000000000CENTRO DE FORMACAO DE ENFERMAGC ECON FEDERAL                          21910201101300700059204000000                    RETORNO-PRODUCAO                  000            
10400011T0100030 20023354550001930000000000000000000001521008385000000000CENTRO DE FORMACAO DE ENFERMAG                                                                                00000592191020110000000000                          00   
1040001300001T 060000000838500000000   1400000000023468131               20102011000000000019900000032730                         090000000000000000                                                  000000000000161020101                     
1040001300002U 06000000000000000000000000002985000000000000000000000000000000000000000016915000000000016915000000000000000000000000000000191020112010201100002010201100000000000000000000000000000000000000000000000000000000000000000000       
1040001300003T 060000000838500000000   1400000000026165941               20102011000000000019246001029540                         090000000000000000                                                  000000000000326040101                     
1040001300004U 06000000000000000000000000000000000000000000000000000000000000000000000019246000000000019246000000000000000000000000000000191020112010201100002010201100000000000000000000000000000000000000000000000000000000000000000000       
1040001300005T 060000000838500000000   240000000000019970100000000000000020102011000000000020500001000220000000000000000          090000000000000000                                                  000000000000326040101                     
1040001300006U 06000000000000000000000000004715000000000000000000000000000000000000000015785000000000015785000000000000000000000000000000191020112010201100002010201100000000000000000000000000000000000000000000000000000000000000000000       
1040001300007T 060000000838500000000   240000000000042076100000000000000020102011000000000018576000015760000000000000000          090000000000000000                                                  000000000000161020101                     
1040001300008U 06000000000000000000000000001486000000000000000000000000000000000000000017090000000000017090000000000000000000000000000000191020112010201100002010201100000000000000000000000000000000000000000000000000000000000000000000       
1040001300009T 060000000838500000000   240000000000049054100000000000000020102011000000000020500000000270000000000000000          090000000000000000                                                  000000000000161020101                     
1040001300010U 06000000000000000000000000003485000000000000000000000000000000000000000017015000000000017015000000000000000000000000000000191020112010201100002010201100000000000000000000000000000000000000000000000000000000000000000000       
1040001300011T 060000000838500000000   240000000000046748100000000000000020102011000000000020500000000270000000000000000          090000000000000000                                                  000000000000161020101                     
1040001300012U 06000000000000000000000000004715000000000000000000000000000000000000000015785000000000015785000000000000000000000000000000191020112010201100002010201100000000000000000000000000000000000000000000000000000000000000000000       
1040001300013T 060000000838500000000   240000000000087487100000000000000020102011000000000019876000014050000000000000000          090000000000000000                                                  000000000000161020101                     
1040001300014U 06000000000000000000000000001789000000000000000000000000000000000000000018087000000000018087000000000000000000000000000000191020112010201100002010201100000000000000000000000000000000000000000000000000000000000000000000       
1040001300015T 060000000838500000000   240000000000093606100000000000000020102011000000000021935000016490000000000000000          090000000000000000                                                  000000000000161020101                     
1040001300016U 06000000000000000000000000004168000000000000000000000000000000000000000017767000000000017767000000000000000000000000000000191020112010201100002010201100000000000000000000000000000000000000000000000000000000000000000000       
1040001300017T 280000000838500000000                     0               00000000000000000000000000000000                         000000000000000000                                                  0000000000000520000000000                 
1040001300018U 280000000000000000000000000000000000000000000000000000000000000000000000000000000000000000000000000000000000000000000000001910201100000000000019102011000000000000000                              000                           
10400015         00002000000000000000000000000000000000000000000000000000000000000000000000000000000000000000000000                                                                                                                             
10499999         000001000022                                                                                                                                                                                                                   
