10400000         2023354550001930000000000000000000001521008385000000000CENTRO DE FORMACAO DE ENFERMAGC ECON FEDERAL                          22010201101295500059304000000                    RETORNO-PRODUCAO                  000            
10400011T0100030 20023354550001930000000000000000000001521008385000000000CENTRO DE FORMACAO DE ENFERMAG                                                                                00000593201020110000000000                          00   
1040001300001T 060000000838500000000   1400000000023481401               20102011000000000019900001016120                         090000000000000000                                                  000000000000326040101                     
1040001300002U 06000000000000000000000000002985000000000000000000000000000000000000000016915000000000016915000000000000000000000000000000201020112110201100002110201100000000000000000000000000000000000000000000000000000000000000000000       
1040001300003T 060000000838500000000   1400000000023490491               20102011000000000019900000015770                         090000000000000000                                                  000000000000161020101                     
1040001300004U 06000000000000000000000000002985000000000000000000000000000000000000000016915000000000016915000000000000000000000000000000201020112110201100002110201100000000000000000000000000000000000000000000000000000000000000000000       
1040001300005T 060000000838500000000   1400000000023529451               20102011000000000019900237004080                         090000000000000000                                                  000000000000326040101                     
1040001300006U 06000000000000000000000000001592000000000000000000000000000000000000000018308000000000018308000000000000000000000000000000201020112110201100002110201100000000000000000000000000000000000000000000000000000000000000000000       
1040001300007T 060000000838500000000   1400000000024173621               20102011000000000019246000015760                         090000000000000000                                                  000000000000161020101                     
1040001300008U 06000000000000000000000000001540000000000000000000000000000000000000000017706000000000017706000000000000000000000000000000201020112110201100002110201100000000000000000000000000000000000000000000000000000000000000000000       
1040001300009T 060000000838500000000   1400000000025251221               20102011000000000019900000016490                         090000000000000000                                                  000000000000149060101                     
1040001300010U 06000000000000000000000000000000000000000000000000000000000000000000000019900000000000019900000000000000000000000000000000201020112110201100002110201100000000000000000000000000000000000000000000000000000000000000000000       
1040001300011T 060000000838500000000   1400000000025254671               20102011000000000019900000015760                         090000000000000000                                                  000000000000161020101                     
1040001300012U 06000000000000000000000000002985000000000000000000000000000000000000000016915000000000016915000000000000000000000000000000201020112110201100002110201100000000000000000000000000000000000000000000000000000000000000000000       
1040001300013T 060000000838500000000   1400000000025255721               20102011000000000019900001029530                         090000000000000000                                                  000000000000326040101                     
1040001300014U 06000000000000000000000000002985000000000000000000000000000000000000000016915000000000016915000000000000000000000000000000201020112110201100002110201100000000000000000000000000000000000000000000000000000000000000000000       
1040001300015T 060000000838500000000   1400000000025608901               20102011000000000019900237013900                         090000000000000000                                                  000000000000326040101                     
1040001300016U 06000000000000000000000000001592000000000000000000000000000000000000000018308000000000018308000000000000000000000000000000201020112110201100002110201100000000000000000000000000000000000000000000000000000000000000000000       
1040001300017T 060000000838500000000   1400000000026148341               20102011000000000017820237011680                         090000000000000000                                                  000000000000326040101                     
1040001300018U 06000000000000000000000000000891000000000000000000000000000000000000000016929000000000016929000000000000000000000000000000201020112110201100002110201100000000000000000000000000000000000000000000000000000000000000000000       
1040001300019T 060000000838500000000   1400000000026164891               20102011000000000020062000015760                         090000000000000000                                                  000000000000161020101                     
1040001300020U 06000000000000000000000000002407000000000000000000000000000000000000000017655000000000017655000000000000000000000000000000201020112110201100002110201100000000000000000000000000000000000000000000000000000000000000000000       
1040001300021T 060000000838500000000   1400000000026284011               20102011000000000019876001016130                         090000000000000000                                                  000000000000326040101                     
1040001300022U 06000000000000000000000000003776000000000000000000000000000000000000000016100000000000016100000000000000000000000000000000201020112110201100002110201100000000000000000000000000000000000000000000000000000000000000000000       
1040001300023T 060000000838500000000   1400000000026325061               20102011000000000019876000020630                         090000000000000000                                                  000000000000161020101                     
1040001300024U 06000000000000000000000000001789000000000000000000000000000000000000000018087000000000018087000000000000000000000000000000201020112110201100002110201100000000000000000000000000000000000000000000000000000000000000000000       
1040001300025T 060000000838500000000   1400000000026327351               20102011000000000018576000013070                         090000000000000000                                                  000000000000161020101                     
1040001300026U 06000000000000000000000000001486000000000000000000000000000000000000000017090000000000017090000000000000000000000000000000201020112110201100002110201100000000000000000000000000000000000000000000000000000000000000000000       
1040001300027T 060000000838500000000   240000000000017721100000000000000020102011000000000020500237021210000000000000000          090000000000000000                                                  000000000000326040101                     
1040001300028U 06000000000000000000000000004715000000000000000000000000000000000000000015785000000000015785000000000000000000000000000000201020112110201100002110201100000000000000000000000000000000000000000000000000000000000000000000       
1040001300029T 060000000838500000000   240000000000018639100000000000000020102011000000000020500000015770000000000000000          090000000000000000                                                  000000000000161020101                     
1040001300030U 06000000000000000000000000004715000000000000000000000000000000000000000015785000000000015785000000000000000000000000000000201020112110201100002110201100000000000000000000000000000000000000000000000000000000000000000000       
1040001300031T 060000000838500000000   240000000000019791100000000000000020102011000000000020500000032730000000000000000          090000000000000000                                                  000000000000149060101                     
1040001300032U 06000000000000000000000000004715000000000000000000000000000000000000000015785000000000015785000000000000000000000000000000201020112110201100002110201100000000000000000000000000000000000000000000000000000000000000000000       
1040001300033T 060000000838500000000   240000000000021125100000000000000020102011000000000020500000016490000000000000000          090000000000000000                                                  000000000000161020101                     
1040001300034U 06000000000000000000000000001640000000000000000000000000000000000000000018860000000000018860000000000000000000000000000000201020112110201100002110201100000000000000000000000000000000000000000000000000000000000000000000       
1040001300035T 060000000838500000000   240000000000023055100000000000000020102011000000000020500237011680000000000000000          090000000000000000                                                  000000000000326040101                     
1040001300036U 06000000000000000000000000003485000000000000000000000000000000000000000017015000000000017015000000000000000000000000000000201020112110201100002110201100000000000000000000000000000000000000000000000000000000000000000000       
1040001300037T 060000000838500000000   240000000000032836100000000000000020102011000000000018576000039580000000000000000          090000000000000000                                                  000000000000161020101                     
1040001300038U 06000000000000000000000000003344000000000000000000000000000000000000000015232000000000015232000000000000000000000000000000201020112110201100002110201100000000000000000000000000000000000000000000000000000000000000000000       
1040001300039T 060000000838500000000   240000000000040952100000000000000020102011000000000018576000015760000000000000000          090000000000000000                                                  000000000000161020101                     
1040001300040U 06000000000000000000000000001486000000000000000000000000000000000000000017090000000000017090000000000000000000000000000000201020112110201100002110201100000000000000000000000000000000000000000000000000000000000000000000       
1040001300041T 060000000838500000000   240000000000045911100000000000000020102011000000000020500000000270000000000000000          090000000000000000                                                  000000000000161020101                     
1040001300042U 06000000000000000000000000004715000000000000000000000000000000000000000015785000000000015785000000000000000000000000000000201020112110201100002110201100000000000000000000000000000000000000000000000000000000000000000000       
1040001300043T 060000000838500000000   240000000000046110100000000000000020102011000000000002500000032730000000000000000          090000000000000000                                                  000000000000149060101                     
1040001300044U 06000000000000000000000000000000000000000000000000000000000000000000000002500000000000002500000000000000000000000000000000201020112110201100002110201100000000000000000000000000000000000000000000000000000000000000000000       
1040001300045T 060000000838500000000   240000000000047167100000000000000020102011000000000002500000015770000000000000000          090000000000000000                                                  000000000000161020101                     
1040001300046U 06000000000000000000000000000000000000000000000000000000000000000000000002500000000000002500000000000000000000000000000000201020112110201100002110201100000000000000000000000000000000000000000000000000000000000000000000       
1040001300047T 060000000838500000000   240000000000049038100000000000000020102011000000000002500000006710000000000000000          090000000000000000                                                  000000000000149060101                     
1040001300048U 06000000000000000000000000000000000000000000000000000000000000000000000002500000000000002500000000000000000000000000000000201020112110201100002110201100000000000000000000000000000000000000000000000000000000000000000000       
1040001300049T 060000000838500000000   240000000000051512100000000000000020102011000000000018576000016490000000000000000          090000000000000000                                                  000000000000149060101                     
1040001300050U 06000000000000000000000000003344000000000000000000000000000000000000000015232000000000015232000000000000000000000000000000201020112110201100002110201100000000000000000000000000000000000000000000000000000000000000000000       
1040001300051T 060000000838500000000   240000000000067818100000000000000020102011000000000020500000032730000000000000000          090000000000000000                                                  000000000000149060101                     
1040001300052U 06000000000000000000000000004715000000000000000000000000000000000000000015785000000000015785000000000000000000000000000000201020112110201100002110201100000000000000000000000000000000000000000000000000000000000000000000       
1040001300053T 060000000838500000000   240000000000071246100000000000000020102011000000000020500001016110000000000000000          090000000000000000                                                  000000000000326040101                     
1040001300054U 06000000000000000000000000001640000000000000000000000000000000000000000018860000000000018860000000000000000000000000000000201020112110201100002110201100000000000000000000000000000000000000000000000000000000000000000000       
1040001300055T 060000000838500000000   240000000000072048100000000000000020102011000000000018576000000270000000000000000          090000000000000000                                                  000000000000161020101                     
1040001300056U 06000000000000000000000000003344000000000000000000000000000000000000000015232000000000015232000000000000000000000000000000201020112110201100002110201100000000000000000000000000000000000000000000000000000000000000000000       
1040001300057T 060000000838500000000   240000000000072200100000000000000020102011000000000018576237010370000000000000000          090000000000000000                                                  000000000000326040101                     
1040001300058U 06000000000000000000000000003344000000000000000000000000000000000000000015232000000000015232000000000000000000000000000000201020112110201100002110201100000000000000000000000000000000000000000000000000000000000000000000       
1040001300059T 060000000838500000000   240000000000080237100000000000000020102011000000000018576237004080000000000000000          090000000000000000                                                  000000000000326040101                     
1040001300060U 06000000000000000000000000002229000000000000000000000000000000000000000016347000000000016347000000000000000000000000000000201020112110201100002110201100000000000000000000000000000000000000000000000000000000000000000000       
1040001300061T 060000000838500000000   240000000000081713100000000000000020102011000000000020500001029530000000000000000          090000000000000000                                                  000000000000326040101                     
1040001300062U 06000000000000000000000000001640000000000000000000000000000000000000000018860000000000018860000000000000000000000000000000201020112110201100002110201100000000000000000000000000000000000000000000000000000000000000000000       
1040001300063T 060000000838500000000   240000000000084607100000000000000020102011000000000015000237004080000000000000000          090000000000000000                                                  000000000000326040101                     
1040001300064U 06000000000000000000000000000000000000000000000000000000000000000000000015000000000000015000000000000000000000000000000000201020112110201100002110201100000000000000000000000000000000000000000000000000000000000000000000       
1040001300065T 060000000838500000000   240000000000085891100000000000000020102011000000000015000000016490000000000000000          090000000000000000                                                  000000000000161020101                     
1040001300066U 06000000000000000000000000001200000000000000000000000000000000000000000013800000000000013800000000000000000000000000000000201020112110201100002110201100000000000000000000000000000000000000000000000000000000000000000000       
1040001300067T 060000000838500000000   240000000000086936100000000000000020102011000000000019876237011670000000000000000          090000000000000000                                                  000000000000326040101                     
1040001300068U 06000000000000000000000000001789000000000000000000000000000000000000000018087000000000018087000000000000000000000000000000201020112110201100002110201100000000000000000000000000000000000000000000000000000000000000000000       
1040001300069T 060000000838500000000   240000000000088904100000000000000020102011000000000019876000015760000000000000000          090000000000000000                                                  000000000000161020101                     
1040001300070U 06000000000000000000000000001789000000000000000000000000000000000000000018087000000000018087000000000000000000000000000000201020112110201100002110201100000000000000000000000000000000000000000000000000000000000000000000       
1040001300071T 060000000838500000000   240000000000089129100000000000000020102011000000000019876000015210000000000000000          090000000000000000                                                  000000000000161020101                     
1040001300072U 06000000000000000000000000001789000000000000000000000000000000000000000018087000000000018087000000000000000000000000000000201020112110201100002110201100000000000000000000000000000000000000000000000000000000000000000000       
1040001300073T 060000000838500000000   240000000000090950100000000000000020102011000000000021935000017390000000000000000          090000000000000000                                                  000000000000161020101                     
1040001300074U 06000000000000000000000000003073000000000000000000000000000000000000000018862000000000018862000000000000000000000000000000201020112110201100002110201100000000000000000000000000000000000000000000000000000000000000000000       
1040001300075T 060000000838500000000   240000000000094629100000000000000020102011000000000021935000000270000000000000000          090000000000000000                                                  000000000000161020101                     
1040001300076U 06000000000000000000000000004168000000000000000000000000000000000000000017767000000000017767000000000000000000000000000000201020112110201100002110201100000000000000000000000000000000000000000000000000000000000000000000       
1040001300077T 280000000838500000000                     0               00000000000000000000000000000000                         000000000000000000                                                  0000000000003380000000000                 
1040001300078U 280000000000000000000000000000000000000000000000000000000000000000000000000000000000000000000000000000000000000000000000002010201100000000000020102011000000000000000                              000                           
10400015         00008000000000000000000000000000000000000000000000000000000000000000000000000000000000000000000000                                                                                                                             
10499999         000001000082                                                                                                                                                                                                                   
