10400000         2023354550001930000000000000000000001521008385000000000CENTRO DE FORMACAO DE ENFERMAGC ECON FEDERAL                          21810201101275800059104000000                    RETORNO-PRODUCAO                  000            
10400011T0100030 20023354550001930000000000000000000001521008385000000000CENTRO DE FORMACAO DE ENFERMAG                                                                                00000591181020110000000000                          00   
1040001300001T 060000000838500000000   240000000000051016100000000000000020102011000000000020500000000270000000000000000          090000000000000000                                                  000000000000161020101                     
1040001300002U 06000000000000000000000000003485000000000000000000000000000000000000000017015000000000017015000000000000000000000000000000181020111910201100001910201100000000000000000000000000000000000000000000000000000000000000000000       
1040001300003T 060000000838500000000   1400000000025246901               20102011000000000022140000014130                         090000000000000000                                                  000000000000149060101                     
1040001300004U 06000000000000000000000000001771000000000000000000000000000000000000000020369000000000020369000000000000000000000000000000181020111910201100001910201100000000000000000000000000000000000000000000000000000000000000000000       
1040001300005T 060000000838500000000   240000000000020951100000000000000020092011000000000020500000017390000000000000000          090000000000000000                                                  000000000000161020101                     
1040001300006U 06000000000002314000000000000000000000000000000000000000000000000000000022814000000000022814000000000000000000000000000000181020111910201100001910201100000000000000000000000000000000000000000000000000000000000000000000       
1040001300007T 060000000838500000000   240000000000070347100000000000000020092011000000000020500000015760000000000000000          090000000000000000                                                  000000000000161020101                     
1040001300008U 06000000000002246000000000000000000000000000000000000000000000000000000022746000000000022746000000000000000000000000000000181020111910201100001910201100000000000000000000000000000000000000000000000000000000000000000000       
1040001300009T 060000000838500000000   240000000000032992100000000000000020112011000000000018576000013070000000000000000          090000000000000000                                                  000000000000161020101                     
1040001300010U 06000000000000000000000000003344000000000000000000000000000000000000000015232000000000015232000000000000000000000000000000181020111910201100001910201100000000000000000000000000000000000000000000000000000000000000000000       
1040001300011T 060000000838500000000   240000000000074733100000000000000030092011000000000002500000015760000000000000000          090000000000000000                                                  000000000000161020101                     
1040001300012U 06000000000000186000000000000000000000000000000000000000000000000000000002686000000000002686000000000000000000000000000000181020111910201100001910201100000000000000000000000000000000000000000000000000000000000000000000       
1040001300013T 060000000838500000000   1400000000026295211               20102011000000000018576000039580                         090000000000000000                                                  000000000000161020101                     
1040001300014U 06000000000000000000000000002229000000000000000000000000000000000000000016347000000000016347000000000000000000000000000000181020111910201100001910201100000000000000000000000000000000000000000000000000000000000000000000       
1040001300015T 060000000838500000000   240000000000000152100000000000000020102011000000000020500000006710000000000000000          090000000000000000                                                  000000000000149060101                     
1040001300016U 06000000000000000000000000002985000000000000000000000000000000000000000017515000000000017515000000000000000000000000000000181020111910201100001910201100000000000000000000000000000000000000000000000000000000000000000000       
1040001300017T 060000000838500000000   240000000000021540100000000000000030092011000000000020500000000270000000000000000          090000000000000000                                                  000000000000161020101                     
1040001300018U 06000000000001634000000000000000000000000000000000000000000000000000000022134000000000022134000000000000000000000000000000181020111910201100001910201100000000000000000000000000000000000000000000000000000000000000000000       
1040001300019T 060000000838500000000   240000000000027476100000000000000020102011000000000018576000031200000000000000000          090000000000000000                                                  000000000000161020101                     
1040001300020U 06000000000000000000000000002231000000000000000000000000000000000000000016345000000000016345000000000000000000000000000000181020111910201100001910201100000000000000000000000000000000000000000000000000000000000000000000       
1040001300021T 060000000838500000000   240000000000036491100000000000000020092011000000000020500000016490000000000000000          090000000000000000                                                  000000000000161020101                     
1040001300022U 06000000000002314000000000000000000000000000000000000000000000000000000022814000000000022814000000000000000000000000000000181020111910201100001910201100000000000000000000000000000000000000000000000000000000000000000000       
1040001300023T 060000000838500000000   240000000000036505100000000000000020102011000000000020500000016490000000000000000          090000000000000000                                                  000000000000161020101                     
1040001300024U 06000000000000000000000000001640000000000000000000000000000000000000000018860000000000018860000000000000000000000000000000181020111910201100001910201100000000000000000000000000000000000000000000000000000000000000000000       
1040001300025T 060000000838500000000   240000000000039199100000000000000020102011000000000018576001029720000000000000000          090000000000000000                                                  000000000000326040101                     
1040001300026U 06000000000000000000000000001486000000000000000000000000000000000000000017090000000000017090000000000000000000000000000000181020111910201100001910201100000000000000000000000000000000000000000000000000000000000000000000       
1040001300027T 060000000838500000000   1400000000021709441               20102011000000000022140000039580                         090000000000000000                                                  000000000000161020101                     
1040001300028U 06000000000000000000000000001771000000000000000000000000000000000000000020369000000000020369000000000000000000000000000000181020111910201100001910201100000000000000000000000000000000000000000000000000000000000000000000       
1040001300029T 060000000838500000000   240000000000039202100000000000000020112011000000000018576001029720000000000000000          090000000000000000                                                  000000000000326040101                     
1040001300030U 06000000000000000000000000001486000000000000000000000000000000000000000017090000000000017090000000000000000000000000000000181020111910201100001910201100000000000000000000000000000000000000000000000000000000000000000000       
1040001300031T 060000000838500000000   240000000000049933100000000000000030102011000000000020500000000270000000000000000          090000000000000000                                                  000000000000161020101                     
1040001300032U 06000000000000000000000000003485000000000000000000000000000000000000000017015000000000017015000000000000000000000000000000181020111910201100001910201100000000000000000000000000000000000000000000000000000000000000000000       
1040001300033T 060000000838500000000   1400000000024137821               30092011000000000020062000015210                         090000000000000000                                                  000000000000161020101                     
1040001300034U 06000000000001680000000000000000000000000000000000000000000000000000000021742000000000021742000000000000000000000000000000181020111910201100001910201100000000000000000000000000000000000000000000000000000000000000000000       
1040001300035T 280000000838500000000                     0               00000000000000000000000000000000                         000000000000000000                                                  0000000000001040000000000                 
1040001300036U 280000000000000000000000000000000000000000000000000000000000000000000000000000000000000000000000000000000000000000000000001810201100000000000018102011000000000000000                              000                           
10400015         00003800000000000000000000000000000000000000000000000000000000000000000000000000000000000000000000                                                                                                                             
10499999         000001000040                                                                                                                                                                                                                   
