10400000         2023354550001930000000000000000000001521008385000000000CENTRO DE FORMACAO DE ENFERMAGC ECON FEDERAL                          22410201102022300059504000000                    RETORNO-PRODUCAO                  000            
10400011T0100030 20023354550001930000000000000000000001521008385000000000CENTRO DE FORMACAO DE ENFERMAG                                                                                00000595241020110000000000                          00   
1040001300001T 060000000838500000000   1400000000024184821               20102011000000000019246000015760                         090000000000000000                                                  000000000000161020101                     
1040001300002U 06000000000000000000000000000000000000000000000000000000000000000000000019246000000000019246000000000000000000000000000000241020112510201100002510201100000000000000000000000000000000000000000000000000000000000000000000       
1040001300003T 060000000838500000000   240000000000062522100000000000000020102011000000000018576000006710000000000000000          090000000000000000                                                  000000000000161020101                     
1040001300004U 06000000000000616000000000000000000000000000000000000000000000000000000019192000000000019192000000000000000000000000000000241020112510201100002510201100000000000000000000000000000000000000000000000000000000000000000000       
1040001300005T 060000000838500000000   240000000000076078100000000000000030102011000000000020500000013070000000000000000          090000000000000000                                                  000000000000161020101                     
1040001300006U 06000000000000000000000000004715000000000000000000000000000000000000000015785000000000015785000000000000000000000000000000241020112510201100002510201100000000000000000000000000000000000000000000000000000000000000000000       
1040001300007T 060000000838500000000   240000000000082175100000000000000022102011000000000013780000014130000000000000000          090000000000000000                                                  000000000000161020101                     
1040001300008U 06000000000000000000000000000000000000000000000000000000000000000000000013780000000000013780000000000000000000000000000000241020112510201100002510201100000000000000000000000000000000000000000000000000000000000000000000       
1040001300009T 060000000838500000000   240000000000082604100000000000000020102011000000000015000000015760000000000000000          090000000000000000                                                  000000000000161020101                     
1040001300010U 06000000000000400000000000000000000000000000000000000000000000000000000015400000000000015400000000000000000000000000000000241020112510201100002510201100000000000000000000000000000000000000000000000000000000000000000000       
1040001300011T 280000000838500000000                     0               00000000000000000000000000000000                         000000000000000000                                                  0000000000000260000000000                 
1040001300012U 280000000000000000000000000000000000000000000000000000000000000000000000000000000000000000000000000000000000000000000000002410201100000000000024102011000000000000000                              000                           
10400015         00001400000000000000000000000000000000000000000000000000000000000000000000000000000000000000000000                                                                                                                             
10499999         000001000016                                                                                                                                                                                                                   
