10400000         2023354550001930000000000000000000001521008385000000000CENTRO DE FORMACAO DE ENFERMAGC ECON FEDERAL                          22110201101265200059404000000                    RETORNO-PRODUCAO                  000            
10400011T0100030 20023354550001930000000000000000000001521008385000000000CENTRO DE FORMACAO DE ENFERMAG                                                                                00000594211020110000000000                          00   
1040001300001T 060000000838500000000   1400000000025071591               20102011000000000019900000015210                         090000000000000000                                                  000000000000161020101                     
1040001300002U 06000000000000464000000000000000000000000000000000000000000000000000000020364000000000020364000000000000000000000000000000211020112410201100002410201100000000000000000000000000000000000000000000000000000000000000000000       
1040001300003T 060000000838500000000   1400000000026167051               31102011000000000019246000015210                         090000000000000000                                                  000000000000161020101                     
1040001300004U 06000000000000000000000000001540000000000000000000000000000000000000000017706000000000017706000000000000000000000000000000211020112410201100002410201100000000000000000000000000000000000000000000000000000000000000000000       
1040001300005T 280000000838500000000                     0               00000000000000000000000000000000                         000000000000000000                                                  0000000000000520000000000                 
1040001300006U 280000000000000000000000000000000000000000000000000000000000000000000000000000000000000000000000000000000000000000000000002110201100000000000021102011000000000000000                              000                           
10400015         00000800000000000000000000000000000000000000000000000000000000000000000000000000000000000000000000                                                                                                                             
10499999         000001000010                                                                                                                                                                                                                   
