10400000         2023354550001930000000000000000000001521008385000000000CENTRO DE FORMACAO DE ENFERMAGC ECON FEDERAL                          22610201101261900059704000000                    RETORNO-PRODUCAO                  000            
10400011T0100030 20023354550001930000000000000000000001521008385000000000CENTRO DE FORMACAO DE ENFERMAG                                                                                00000597261020110000000000                          00   
1040001300001T 060000000838500000000   1400000000025087081               31102011000000000019900000014130                         090000000000000000                                                  000000000000161020101                     
1040001300002U 06000000000000000000000000001990000000000000000000000000000000000000000017910000000000017910000000000000000000000000000000261020112710201100002710201100000000000000000000000000000000000000000000000000000000000000000000       
1040001300003T 060000000838500000000   1400000000026283041               31102011000000000018576000015210                         090000000000000000                                                  000000000000161020101                     
1040001300004U 06000000000000000000000000002229000000000000000000000000000000000000000016347000000000016347000000000000000000000000000000261020112710201100002710201100000000000000000000000000000000000000000000000000000000000000000000       
1040001300005T 060000000838500000000   240000000000085956100000000000000030102011000000000015000000015210000000000000000          090000000000000000                                                  000000000000161020101                     
1040001300006U 06000000000000000000000000001200000000000000000000000000000000000000000013800000000000013800000000000000000000000000000000261020112710201100002710201100000000000000000000000000000000000000000000000000000000000000000000       
1040001300007T 060000000838500000000   240000000000094041100000000000000030102011000000000021935000015210000000000000000          090000000000000000                                                  000000000000161020101                     
1040001300008U 06000000000000000000000000004168000000000000000000000000000000000000000017767000000000017767000000000000000000000000000000261020112710201100002710201100000000000000000000000000000000000000000000000000000000000000000000       
1040001300009T 280000000838500000000                     0               00000000000000000000000000000000                         000000000000000000                                                  0000000000000520000000000                 
1040001300010U 280000000000000000000000000000000000000000000000000000000000000000000000000000000000000000000000000000000000000000000000002610201100000000000026102011000000000000000                              000                           
10400015         00001200000000000000000000000000000000000000000000000000000000000000000000000000000000000000000000                                                                                                                             
10499999         000001000014                                                                                                                                                                                                                   
