10400000         2023354550001930000000000000000000001521008385000000000CENTRO DE FORMACAO DE ENFERMAGC ECON FEDERAL                          22510201101282000059604000000                    RETORNO-PRODUCAO                  000            
10400011T0100030 20023354550001930000000000000000000001521008385000000000CENTRO DE FORMACAO DE ENFERMAG                                                                                00000596251020110000000000                          00   
1040001300001T 060000000838500000000   1400000000025279901               20102011000000000020062000016490                         090000000000000000                                                  000000000000161020101                     
1040001300002U 06000000000000000000000000000000000000000000000000000000000000000000000020062000000000020062000000000000000000000000000000251020112610201100002610201100000000000000000000000000000000000000000000000000000000000000000000       
1040001300003T 060000000838500000000   240000000000045458100000000000000030102011000000000020500000039580000000000000000          090000000000000000                                                  000000000000161020101                     
1040001300004U 06000000000000000000000000004715000000000000000000000000000000000000000015785000000000015785000000000000000000000000000000251020112610201100002610201100000000000000000000000000000000000000000000000000000000000000000000       
1040001300005T 060000000838500000000   240000000000089846100000000000000030102011000000000019876000000270000000000000000          090000000000000000                                                  000000000000161020101                     
1040001300006U 06000000000000000000000000001789000000000000000000000000000000000000000018087000000000018087000000000000000000000000000000251020112610201100002610201100000000000000000000000000000000000000000000000000000000000000000000       
1040001300007T 060000000838500000000   240000000000097954100000000000000020102011000000000021935000000270000000000000000          090000000000000000                                                  000000000000161020101                     
1040001300008U 06000000000000799000000000000000000000000000000000000000000000000000000022734000000000022734000000000000000000000000000000251020112610201100002610201100000000000000000000000000000000000000000000000000000000000000000000       
1040001300009T 280000000838500000000                     0               00000000000000000000000000000000                         000000000000000000                                                  0000000000000260000000000                 
1040001300010U 280000000000000000000000000000000000000000000000000000000000000000000000000000000000000000000000000000000000000000000000002510201100000000000025102011000000000000000                              000                           
10400015         00001200000000000000000000000000000000000000000000000000000000000000000000000000000000000000000000                                                                                                                             
10499999         000001000014                                                                                                                                                                                                                   
