10400000         2023354550001930000000000000000000001521008385000000000CENTRO DE FORMACAO DE ENFERMAGC ECON FEDERAL                          22810201101282800059904000000                    RETORNO-PRODUCAO                  000            
10400011T0100030 20023354550001930000000000000000000001521008385000000000CENTRO DE FORMACAO DE ENFERMAG                                                                                00000599281020110000000000                          00   
1040001300001T 060000000838500000000   240000000000058231100000000000000030102011000000000020500000039580000000000000000          090000000000000000                                                  000000000000161020101                     
1040001300002U 06000000000000000000000000001640000000000000000000000000000000000000000018860000000000018860000000000000000000000000000000281020113110201100003110201100000000000000000000000000000000000000000000000000000000000000000000       
1040001300003T 060000000838500000000   240000000000052411100000000000000030102011000000000020500748020030000000000000000          090000000000000000                                                  000000000000326040101                     
1040001300004U 06000000000000000000000000006150000000000000000000000000000000000000000014350000000000014350000000000000000000000000000000281020113110201100003110201100000000000000000000000000000000000000000000000000000000000000000000       
1040001300005T 060000000838500000000   240000000000065980100000000000000030102011000000000020500001016120000000000000000          090000000000000000                                                  000000000000326040101                     
1040001300006U 06000000000000000000000000001640000000000000000000000000000000000000000018860000000000018860000000000000000000000000000000281020113110201100003110201100000000000000000000000000000000000000000000000000000000000000000000       
1040001300007T 060000000838500000000   240000000000093266100000000000000030102011000000000021935001016130000000000000000          090000000000000000                                                  000000000000326040101                     
1040001300008U 06000000000000000000000000004168000000000000000000000000000000000000000017767000000000017767000000000000000000000000000000281020113110201100003110201100000000000000000000000000000000000000000000000000000000000000000000       
1040001300009T 060000000838500000000   240000000000068466100000000000000030102011000000000020500000013070000000000000000          090000000000000000                                                  000000000000161020101                     
1040001300010U 06000000000000000000000000004715000000000000000000000000000000000000000015785000000000015785000000000000000000000000000000281020113110201100003110201100000000000000000000000000000000000000000000000000000000000000000000       
1040001300011T 060000000838500000000   240000000000074717100000000000000030122011000000000002500000039580000000000000000          090000000000000000                                                  000000000000161020101                     
1040001300012U 06000000000000000000000000000000000000000000000000000000000000000000000002500000000000002500000000000000000000000000000000281020113110201100003110201100000000000000000000000000000000000000000000000000000000000000000000       
1040001300013T 060000000838500000000   240000000000043200100000000000000030102011000000000018576237011460000000000000000          090000000000000000                                                  000000000000326040101                     
1040001300014U 06000000000000000000000000001486000000000000000000000000000000000000000017090000000000017090000000000000000000000000000000281020113110201100003110201100000000000000000000000000000000000000000000000000000000000000000000       
1040001300015T 060000000838500000000   1400000000024115931               31102011000000000019246001000220                         090000000000000000                                                  000000000000326040101                     
1040001300016U 06000000000000000000000000001540000000000000000000000000000000000000000017706000000000017706000000000000000000000000000000281020113110201100003110201100000000000000000000000000000000000000000000000000000000000000000000       
1040001300017T 060000000838500000000   1400000000024628561               31102011000000000020062003001490                         090000000000000000                                                  000000000000326040101                     
1040001300018U 06000000000000000000000000000000000000000000000000000000000000000000000020062000000000020062000000000000000000000000000000281020113110201100003110201100000000000000000000000000000000000000000000000000000000000000000000       
1040001300019T 060000000838500000000   1400000000025082521               31102011000000000019900000015760                         090000000000000000                                                  000000000000161020101                     
1040001300020U 06000000000000000000000000001592000000000000000000000000000000000000000018308000000000018308000000000000000000000000000000281020113110201100003110201100000000000000000000000000000000000000000000000000000000000000000000       
1040001300021T 060000000838500000000   240000000000023705100000000000000030102011000000000020500237010240000000000000000          090000000000000000                                                  000000000000326040101                     
1040001300022U 06000000000000000000000000003485000000000000000000000000000000000000000017015000000000017015000000000000000000000000000000281020113110201100003110201100000000000000000000000000000000000000000000000000000000000000000000       
1040001300023T 060000000838500000000   240000000000035541100000000000000030102011000000000020500000000270000000000000000          090000000000000000                                                  000000000000161020101                     
1040001300024U 06000000000000000000000000001640000000000000000000000000000000000000000018860000000000018860000000000000000000000000000000281020113110201100003110201100000000000000000000000000000000000000000000000000000000000000000000       
1040001300025T 060000000838500000000   240000000000031236100000000000000030102011000000000020500000014130000000000000000          090000000000000000                                                  000000000000161020101                     
1040001300026U 06000000000000000000000000004715000000000000000000000000000000000000000015785000000000015785000000000000000000000000000000281020113110201100003110201100000000000000000000000000000000000000000000000000000000000000000000       
1040001300027T 280000000838500000000                     0               00000000000000000000000000000000                         000000000000000000                                                  0000000000000780000000000                 
1040001300028U 280000000000000000000000000000000000000000000000000000000000000000000000000000000000000000000000000000000000000000000000002810201100000000000028102011000000000000000                              000                           
10400015         00003000000000000000000000000000000000000000000000000000000000000000000000000000000000000000000000                                                                                                                             
10499999         000001000032                                                                                                                                                                                                                   
