10400000         2023354550001930000000000000000000001521008385000000000CENTRO DE FORMACAO DE ENFERMAGC ECON FEDERAL                          22710201101273700059804000000                    RETORNO-PRODUCAO                  000            
10400011T0100030 20023354550001930000000000000000000001521008385000000000CENTRO DE FORMACAO DE ENFERMAG                                                                                00000598271020110000000000                          00   
1040001300001T 060000000838500000000   1400000000025262421               10112011000000000019900237013190                         090000000000000000                                                  000000000000326040101                     
1040001300002U 06000000000000000000000000002985000000000000000000000000000000000000000016915000000000016915000000000000000000000000000000271020112810201100002810201100000000000000000000000000000000000000000000000000000000000000000000       
1040001300003T 060000000838500000000   1400000000025075151               31102011000000000019900000015760                         090000000000000000                                                  000000000000161020101                     
1040001300004U 06000000000000000000000000001592000000000000000000000000000000000000000018308000000000018308000000000000000000000000000000271020112810201100002810201100000000000000000000000000000000000000000000000000000000000000000000       
1040001300005T 060000000838500000000   1400000000026326541               31102011000000000018576000017390                         090000000000000000                                                  000000000000161020101                     
1040001300006U 06000000000000000000000000001486000000000000000000000000000000000000000017090000000000017090000000000000000000000000000000271020112810201100002810201100000000000000000000000000000000000000000000000000000000000000000000       
1040001300007T 060000000838500000000   240000000000031805100000000000000030102011000000000020500033033130000000000000000          090000000000000000                                                  000000000000326040101                     
1040001300008U 06000000000000000000000000004715000000000000000000000000000000000000000015785000000000015785000000000000000000000000000000271020112810201100002810201100000000000000000000000000000000000000000000000000000000000000000000       
1040001300009T 060000000838500000000   240000000000044869100000000000000010112011000000000018576000031200000000000000000          090000000000000000                                                  000000000000161020101                     
1040001300010U 06000000000000000000000000003344000000000000000000000000000000000000000015232000000000015232000000000000000000000000000000271020112810201100002810201100000000000000000000000000000000000000000000000000000000000000000000       
1040001300011T 060000000838500000000   240000000000079093100000000000000010112011000000000018576000015210000000000000000          090000000000000000                                                  000000000000161020101                     
1040001300012U 06000000000000000000000000003344000000000000000000000000000000000000000015232000000000015232000000000000000000000000000000271020112810201100002810201100000000000000000000000000000000000000000000000000000000000000000000       
1040001300013T 280000000838500000000                     0               00000000000000000000000000000000                         000000000000000000                                                  0000000000000780000000000                 
1040001300014U 280000000000000000000000000000000000000000000000000000000000000000000000000000000000000000000000000000000000000000000000002710201100000000000027102011000000000000000                              000                           
10400015         00001600000000000000000000000000000000000000000000000000000000000000000000000000000000000000000000                                                                                                                             
10499999         000001000018                                                                                                                                                                                                                   
