10400000         2023354550001930000000000000000000001521008385000000000CENTRO DE FORMACAO DE ENFERMAGC ECON FEDERAL                          23110201103233100060004000000                    RETORNO-PRODUCAO                  000            
10400011T0100030 20023354550001930000000000000000000001521008385000000000CENTRO DE FORMACAO DE ENFERMAG                                                                                00000600311020110000000000                          00   
1040001300001T 060000000838500000000   240000000000064843100000000000000030102011000000000018576000015210000000000000000          090000000000000000                                                  000000000000320030100                     
1040001300002U 06000000000000000000000000003344000000000000000000000000000000000000000015232000000000015232000000000000000000000000000000311020113110201100003110201100000000000000000000000000000000000000000000000000000000000000000000       
1040001300003T 060000000838500000000   240000000000066676100000000000000030102011000000000018576000016490000000000000000          090000000000000000                                                  000000000000161020101                     
1040001300004U 06000000000000000000000000003344000000000000000000000000000000000000000015232000000000015232000000000000000000000000000000311020110111201100000111201100000000000000000000000000000000000000000000000000000000000000000000       
1040001300005T 060000000838500000000   240000000000045067100000000000000030102011000000000018576000016490000000000000000          090000000000000000                                                  000000000000161020101                     
1040001300006U 06000000000000000000000000002229000000000000000000000000000000000000000016347000000000016347000000000000000000000000000000311020110111201100000111201100000000000000000000000000000000000000000000000000000000000000000000       
1040001300007T 060000000838500000000   240000000000045598100000000000000030102011000000000002500000015760000000000000000          090000000000000000                                                  000000000000161020101                     
1040001300008U 06000000000000000000000000000000000000000000000000000000000000000000000002500000000000002500000000000000000000000000000000311020110111201100000111201100000000000000000000000000000000000000000000000000000000000000000000       
1040001300009T 060000000838500000000   1400000000025025131               31102011000000000019900000015760                         090000000000000000                                                  000000000000161020101                     
1040001300010U 06000000000000000000000000002985000000000000000000000000000000000000000016915000000000016915000000000000000000000000000000311020110111201100000111201100000000000000000000000000000000000000000000000000000000000000000000       
1040001300011T 060000000838500000000   1400000000025211781               31102011000000000022140237013190                         090000000000000000                                                  000000000000326040101                     
1040001300012U 06000000000000000000000000001771000000000000000000000000000000000000000020369000000000020369000000000000000000000000000000311020110111201100000111201100000000000000000000000000000000000000000000000000000000000000000000       
1040001300013T 060000000838500000000   1400000000025611021               31102011000000000019900000017390                         090000000000000000                                                  000000000000161020101                     
1040001300014U 06000000000000000000000000002985000000000000000000000000000000000000000016915000000000016915000000000000000000000000000000311020110111201100000111201100000000000000000000000000000000000000000000000000000000000000000000       
1040001300015T 060000000838500000000   240000000000066234100000000000000030102011000000000018576000031200000000000000000          090000000000000000                                                  000000000000161020101                     
1040001300016U 06000000000000000000000000003344000000000000000000000000000000000000000015232000000000015232000000000000000000000000000000311020110111201100000111201100000000000000000000000000000000000000000000000000000000000000000000       
1040001300017T 060000000838500000000   1400000000026192911               31102011000000000020062000015760                         090000000000000000                                                  000000000000161020101                     
1040001300018U 06000000000000000000000000001605000000000000000000000000000000000000000018457000000000018457000000000000000000000000000000311020110111201100000111201100000000000000000000000000000000000000000000000000000000000000000000       
1040001300019T 060000000838500000000   1400000000026211641               31102011000000000020062000016490                         090000000000000000                                                  000000000000161020101                     
1040001300020U 06000000000000000000000000002407000000000000000000000000000000000000000017655000000000017655000000000000000000000000000000311020110111201100000111201100000000000000000000000000000000000000000000000000000000000000000000       
1040001300021T 060000000838500000000   1400000000023629081               31102011000000000022140000014050                         090000000000000000                                                  000000000000161020101                     
1040001300022U 06000000000000000000000000001771000000000000000000000000000000000000000020369000000000020369000000000000000000000000000000311020110111201100000111201100000000000000000000000000000000000000000000000000000000000000000000       
1040001300023T 060000000838500000000   1400000000026123781               31102011000000000020062000017390                         090000000000000000                                                  000000000000161020101                     
1040001300024U 06000000000000000000000000002407000000000000000000000000000000000000000017655000000000017655000000000000000000000000000000311020110111201100000111201100000000000000000000000000000000000000000000000000000000000000000000       
1040001300025T 060000000838500000000   240000000000075616100000000000000030102011000000000020500000032730000000000000000          090000000000000000                                                  000000000000149060101                     
1040001300026U 06000000000000000000000000004715000000000000000000000000000000000000000015785000000000015785000000000000000000000000000000311020110111201100000111201100000000000000000000000000000000000000000000000000000000000000000000       
1040001300027T 060000000838500000000   1400000000025777771               31102011000000000020062000015760                         090000000000000000                                                  000000000000161020101                     
1040001300028U 06000000000000000000000000001605000000000000000000000000000000000000000018457000000000018457000000000000000000000000000000311020110111201100000111201100000000000000000000000000000000000000000000000000000000000000000000       
1040001300029T 060000000838500000000   1400000000026161521               31102011000000000019246000017390                         090000000000000000                                                  000000000000161020101                     
1040001300030U 06000000000000000000000000001540000000000000000000000000000000000000000017706000000000017706000000000000000000000000000000311020110111201100000111201100000000000000000000000000000000000000000000000000000000000000000000       
1040001300031T 060000000838500000000   240000000000022369100000000000000030102011000000000020500000015770000000000000000          090000000000000000                                                  000000000000161020101                     
1040001300032U 06000000000000000000000000003485000000000000000000000000000000000000000017015000000000017015000000000000000000000000000000311020110111201100000111201100000000000000000000000000000000000000000000000000000000000000000000       
1040001300033T 060000000838500000000   240000000000028243100000000000000030102011000000000018576000015210000000000000000          090000000000000000                                                  000000000000161020101                     
1040001300034U 06000000000000000000000000003344000000000000000000000000000000000000000015232000000000015232000000000000000000000000000000311020110111201100000111201100000000000000000000000000000000000000000000000000000000000000000000       
1040001300035T 060000000838500000000   240000000000029908100000000000000030102011000000000020500000015760000000000000000          090000000000000000                                                  000000000000161020101                     
1040001300036U 06000000000000000000000000004715000000000000000000000000000000000000000015785000000000015785000000000000000000000000000000311020110111201100000111201100000000000000000000000000000000000000000000000000000000000000000000       
1040001300037T 060000000838500000000   240000000000075918100000000000000030102011000000000020500000039580000000000000000          090000000000000000                                                  000000000000161020101                     
1040001300038U 06000000000000000000000000004715000000000000000000000000000000000000000015785000000000015785000000000000000000000000000000311020110111201100000111201100000000000000000000000000000000000000000000000000000000000000000000       
1040001300039T 060000000838500000000   240000000000020838100000000000000030102011000000000020500000013070000000000000000          090000000000000000                                                  000000000000161020101                     
1040001300040U 06000000000000000000000000003485000000000000000000000000000000000000000017015000000000017015000000000000000000000000000000311020110111201100000111201100000000000000000000000000000000000000000000000000000000000000000000       
1040001300041T 060000000838500000000   240000000000076175100000000000000030102011000000000020500237013190000000000000000          090000000000000000                                                  000000000000326040101                     
1040001300042U 06000000000000000000000000004715000000000000000000000000000000000000000015785000000000015785000000000000000000000000000000311020110111201100000111201100000000000000000000000000000000000000000000000000000000000000000000       
1040001300043T 060000000838500000000   240000000000026160100000000000000030102011000000000018576000016490000000000000000          090000000000000000                                                  000000000000161020101                     
1040001300044U 06000000000000000000000000002229000000000000000000000000000000000000000016347000000000016347000000000000000000000000000000311020110111201100000111201100000000000000000000000000000000000000000000000000000000000000000000       
1040001300045T 060000000838500000000   240000000000052144100000000000000030102011000000000018576000013070000000000000000          090000000000000000                                                  000000000000161020101                     
1040001300046U 06000000000000000000000000002229000000000000000000000000000000000000000016347000000000016347000000000000000000000000000000311020110111201100000111201100000000000000000000000000000000000000000000000000000000000000000000       
1040001300047T 060000000838500000000   1400000000023630171               31102011000000000022140000006710                         090000000000000000                                                  000000000000161020101                     
1040001300048U 06000000000000000000000000001771000000000000000000000000000000000000000020369000000000020369000000000000000000000000000000311020110111201100000111201100000000000000000000000000000000000000000000000000000000000000000000       
1040001300049T 060000000838500000000   240000000000077015100000000000000030102011000000000018576000015760000000000000000          090000000000000000                                                  000000000000161020101                     
1040001300050U 06000000000000000000000000003344000000000000000000000000000000000000000015232000000000015232000000000000000000000000000000311020110111201100000111201100000000000000000000000000000000000000000000000000000000000000000000       
1040001300051T 060000000838500000000   240000000000036840100000000000000030102011000000000018576000013070000000000000000          090000000000000000                                                  000000000000161020101                     
1040001300052U 06000000000000000000000000001486000000000000000000000000000000000000000017090000000000017090000000000000000000000000000000311020110111201100000111201100000000000000000000000000000000000000000000000000000000000000000000       
1040001300053T 060000000838500000000   1400000000025294201               31102011000000000019246341014510                         090000000000000000                                                  000000000000326040101                     
1040001300054U 06000000000000000000000000002887000000000000000000000000000000000000000016359000000000016359000000000000000000000000000000311020110111201100000111201100000000000000000000000000000000000000000000000000000000000000000000       
1040001300055T 060000000838500000000   1400000000023469371               31102011000000000019900000015210                         090000000000000000                                                  000000000000161020101                     
1040001300056U 06000000000000000000000000002985000000000000000000000000000000000000000016915000000000016915000000000000000000000000000000311020110111201100000111201100000000000000000000000000000000000000000000000000000000000000000000       
1040001300057T 060000000838500000000   240000000000041380100000000000000010112011000000000018576237034210000000000000000          090000000000000000                                                  000000000000326040101                     
1040001300058U 06000000000000000000000000001486000000000000000000000000000000000000000017090000000000017090000000000000000000000000000000311020110111201100000111201100000000000000000000000000000000000000000000000000000000000000000000       
1040001300059T 060000000838500000000   1400000000024111861               10112011000000000019246001029530                         090000000000000000                                                  000000000000326040101                     
1040001300060U 06000000000000000000000000001540000000000000000000000000000000000000000017706000000000017706000000000000000000000000000000311020110111201100000111201100000000000000000000000000000000000000000000000000000000000000000000       
1040001300061T 060000000838500000000   240000000000091395100000000000000010112011000000000021935000017390000000000000000          090000000000000000                                                  000000000000161020101                     
1040001300062U 06000000000000000000000000003071000000000000000000000000000000000000000018864000000000018864000000000000000000000000000000311020110111201100000111201100000000000000000000000000000000000000000000000000000000000000000000       
1040001300063T 060000000838500000000   240000000000061054100000000000000030102011000000000018576000015760000000000000000          090000000000000000                                                  000000000000161020101                     
1040001300064U 06000000000000000000000000001486000000000000000000000000000000000000000017090000000000017090000000000000000000000000000000311020110111201100000111201100000000000000000000000000000000000000000000000000000000000000000000       
1040001300065T 060000000838500000000   240000000000094505100000000000000030102011000000000020500000013070000000000000000          090000000000000000                                                  000000000000161020101                     
1040001300066U 06000000000000000000000000004415000000000000000000000000000000000000000016085000000000016085000000000000000000000000000000311020110111201100000111201100000000000000000000000000000000000000000000000000000000000000000000       
1040001300067T 060000000838500000000   240000000000061496100000000000000030102011000000000018576000000270000000000000000          090000000000000000                                                  000000000000161020101                     
1040001300068U 06000000000000000000000000001486000000000000000000000000000000000000000017090000000000017090000000000000000000000000000000311020110111201100000111201100000000000000000000000000000000000000000000000000000000000000000000       
1040001300069T 060000000838500000000   240000000000090348100000000000000030102011000000000020500000000270000000000000000          090000000000000000                                                  000000000000161020101                     
1040001300070U 06000000000000000000000000003485000000000000000000000000000000000000000017015000000000017015000000000000000000000000000000311020110111201100000111201100000000000000000000000000000000000000000000000000000000000000000000       
1040001300071T 060000000838500000000   1400000000025085971               31102011000000000019900000015760                         090000000000000000                                                  000000000000161020101                     
1040001300072U 06000000000000000000000000000000000000000000000000000000000000000000000019900000000000019900000000000000000000000000000000311020110111201100000111201100000000000000000000000000000000000000000000000000000000000000000000       
1040001300073T 060000000838500000000   240000000000021559100000000000000030102011000000000020500000015760000000000000000          090000000000000000                                                  000000000000161020101                     
1040001300074U 06000000000000000000000000004715000000000000000000000000000000000000000015785000000000015785000000000000000000000000000000311020110111201100000111201100000000000000000000000000000000000000000000000000000000000000000000       
1040001300075T 060000000838500000000   240000000000032410100000000000000030102011000000000018576399020280000000000000000          090000000000000000                                                  000000000000326040101                     
1040001300076U 06000000000000000000000000000000000000000000000000000000000000000000000018576000000000018576000000000000000000000000000000311020110111201100000111201100000000000000000000000000000000000000000000000000000000000000000000       
1040001300077T 060000000838500000000   240000000000032917100000000000000030102011000000000018576000015210000000000000000          090000000000000000                                                  000000000000161020101                     
1040001300078U 06000000000000000000000000001486000000000000000000000000000000000000000017090000000000017090000000000000000000000000000000311020110111201100000111201100000000000000000000000000000000000000000000000000000000000000000000       
1040001300079T 060000000838500000000   1400000000023492431               31102011000000000019900000007670                         090000000000000000                                                  000000000000161020101                     
1040001300080U 06000000000000000000000000002985000000000000000000000000000000000000000016915000000000016915000000000000000000000000000000311020110111201100000111201100000000000000000000000000000000000000000000000000000000000000000000       
1040001300081T 060000000838500000000   240000000000064150100000000000000020102011000000000018576000015760000000000000000          090000000000000000                                                  000000000000161020101                     
1040001300082U 06000000000001043000000000000000000000000000000000000000000000000000000019619000000000019619000000000000000000000000000000311020110111201100000111201100000000000000000000000000000000000000000000000000000000000000000000       
1040001300083T 060000000838500000000   240000000000050303100000000000000030102011000000000020500000013070000000000000000          090000000000000000                                                  000000000000161020101                     
1040001300084U 06000000000000000000000000003485000000000000000000000000000000000000000017015000000000017015000000000000000000000000000000311020110111201100000111201100000000000000000000000000000000000000000000000000000000000000000000       
1040001300085T 060000000838500000000   1400000000026210401               31102011000000000019246399013650                         090000000000000000                                                  000000000000326040101                     
1040001300086U 06000000000000000000000000000000000000000000000000000000000000000000000019246000000000019246000000000000000000000000000000311020110111201100000111201100000000000000000000000000000000000000000000000000000000000000000000       
1040001300087T 060000000838500000000   240000000000067486100000000000000030102011000000000020500000000270000000000000000          090000000000000000                                                  000000000000161020101                     
1040001300088U 06000000000000000000000000004715000000000000000000000000000000000000000015785000000000015785000000000000000000000000000000311020110111201100000111201100000000000000000000000000000000000000000000000000000000000000000000       
1040001300089T 060000000838500000000   240000000000057898100000000000000010112011000000000020500000015210000000000000000          090000000000000000                                                  000000000000161020101                     
1040001300090U 06000000000000000000000000003485000000000000000000000000000000000000000017015000000000017015000000000000000000000000000000311020110111201100000111201100000000000000000000000000000000000000000000000000000000000000000000       
1040001300091T 280000000838500000000                     0               00000000000000000000000000000000                         000000000000000000                                                  0000000000004160000000000                 
1040001300092U 280000000000000000000000000000000000000000000000000000000000000000000000000000000000000000000000000000000000000000000000003110201100000000000031102011000000000000000                              000                           
10400015         00009400000000000000000000000000000000000000000000000000000000000000000000000000000000000000000000                                                                                                                             
10499999         000001000096                                                                                                                                                                                                                   
