10400000         2023354550001930000000000000000000001521008385000000000CENTRO DE FORMACAO DE ENFERMAGC ECON FEDERAL                          20111201101291900060104000000                    RETORNO-PRODUCAO                  000            
10400011T0100030 20023354550001930000000000000000000001521008385000000000CENTRO DE FORMACAO DE ENFERMAG                                                                                00000601011120110000000000                          00   
1040001300001T 060000000838500000000   240000000000077414100000000000000020102011000000000018576000015210000000000000000          090000000000000000                                                  000000000000161020101                     
1040001300002U 06000000000001043000000000000000000000000000000000000000000000000000000019619000000000019619000000000000000000000000000000011120110311201100000311201100000000000000000000000000000000000000000000000000000000000000000000       
1040001300003T 060000000838500000000   240000000000097857100000000000000010112011000000000021935000017390000000000000000          090000000000000000                                                  000000000000161020101                     
1040001300004U 06000000000000000000000000001974000000000000000000000000000000000000000019961000000000019961000000000000000000000000000000011120110311201100000311201100000000000000000000000000000000000000000000000000000000000000000000       
1040001300005T 060000000838500000000   1400000000026323441               10102011000000000018576000015210                         090000000000000000                                                  000000000000161020101                     
1040001300006U 06000000000000000000000000000000000000000000000000000000000000000000000018576000000000018576000000000000000000000000000000011120110311201100000311201100000000000000000000000000000000000000000000000000000000000000000000       
1040001300007T 060000000838500000000   1400000000025024081               31102011000000000019900000015760                         090000000000000000                                                  000000000000161020101                     
1040001300008U 06000000000000464000000000000000000000000000000000000000000000000000000020364000000000020364000000000000000000000000000000011120110311201100000311201100000000000000000000000000000000000000000000000000000000000000000000       
1040001300009T 060000000838500000000   240000000000042866100000000000000010112011000000000018576000000270000000000000000          090000000000000000                                                  000000000000161020101                     
1040001300010U 06000000000000000000000000001486000000000000000000000000000000000000000017090000000000017090000000000000000000000000000000011120110311201100000311201100000000000000000000000000000000000000000000000000000000000000000000       
1040001300011T 060000000838500000000   240000000000059262100000000000000010112011000000000020500237013190000000000000000          090000000000000000                                                  000000000000326040101                     
1040001300012U 06000000000000000000000000003485000000000000000000000000000000000000000017015000000000017015000000000000000000000000000000011120110311201100000311201100000000000000000000000000000000000000000000000000000000000000000000       
1040001300013T 060000000838500000000   240000000000075667100000000000000030102011000000000020500000031200000000000000000          090000000000000000                                                  000000000000161020101                     
1040001300014U 06000000000000546000000000000000000000000000000000000000000000000000000021046000000000021046000000000000000000000000000000011120110311201100000311201100000000000000000000000000000000000000000000000000000000000000000000       
1040001300015T 280000000838500000000                     0               00000000000000000000000000000000                         000000000000000000                                                  0000000000000520000000000                 
1040001300016U 280000000000000000000000000000000000000000000000000000000000000000000000000000000000000000000000000000000000000000000000000111201100000000000001112011000000000000000                              000                           
10400015         00001800000000000000000000000000000000000000000000000000000000000000000000000000000000000000000000                                                                                                                             
10499999         000001000020                                                                                                                                                                                                                   
