10400000         2023354550001930000000000000000000001521008385000000000CENTRO DE FORMACAO DE ENFERMAGC ECON FEDERAL                          20311201102084700060204000000                    RETORNO-PRODUCAO                  000            
10400011T0100030 20023354550001930000000000000000000001521008385000000000CENTRO DE FORMACAO DE ENFERMAG                                                                                00000602031120110000000000                          00   
1040001300001T 060000000838500000000   1400000000023568511               10112011000000000017820000039580                         090000000000000000                                                  000000000000320030100                     
1040001300002U 06000000000000000000000000000891000000000000000000000000000000000000000016929000000000016929000000000000000000000000000000031120110311201100000311201100000000000000000000000000000000000000000000000000000000000000000000       
1040001300003T 060000000838500000000   1400000000023594191               30112011000000000020062000015210                         090000000000000000                                                  000000000000161020101                     
1040001300004U 06000000000000000000000000001605000000000000000000000000000000000000000018457000000000018457000000000000000000000000000000031120110411201100000411201100000000000000000000000000000000000000000000000000000000000000000000       
1040001300005T 060000000838500000000   240000000000031945100000000000000020112011000000000020500001044430000000000000000          090000000000000000                                                  000000000000326040101                     
1040001300006U 06000000000000000000000000004715000000000000000000000000000000000000000015785000000000015785000000000000000000000000000000031120110411201100000411201100000000000000000000000000000000000000000000000000000000000000000000       
1040001300007T 060000000838500000000   240000000000056344100000000000000020122011000000000002500000017390000000000000000          090000000000000000                                                  000000000000161020101                     
1040001300008U 06000000000000000000000000000000000000000000000000000000000000000000000002500000000000002500000000000000000000000000000000031120110411201100000411201100000000000000000000000000000000000000000000000000000000000000000000       
1040001300009T 060000000838500000000   240000000000075985100000000000000010112011000000000020500000000270000000000000000          090000000000000000                                                  000000000000161020101                     
1040001300010U 06000000000000000000000000004715000000000000000000000000000000000000000015785000000000015785000000000000000000000000000000031120110411201100000411201100000000000000000000000000000000000000000000000000000000000000000000       
1040001300011T 060000000838500000000   240000000000093002100000000000000030102011000000000021935000006710000000000000000          090000000000000000                                                  000000000000161020101                     
1040001300012U 06000000000000727000000000000000000000000000000000000000000000000000000022662000000000022662000000000000000000000000000000031120110411201100000411201100000000000000000000000000000000000000000000000000000000000000000000       
1040001300013T 280000000838500000000                     0               00000000000000000000000000000000                         000000000000000000                                                  0000000000000520000000000                 
1040001300014U 280000000000000000000000000000000000000000000000000000000000000000000000000000000000000000000000000000000000000000000000000311201100000000000003112011000000000000000                              000                           
10400015         00001600000000000000000000000000000000000000000000000000000000000000000000000000000000000000000000                                                                                                                             
10499999         000001000018                                                                                                                                                                                                                   
