10400000         2023354550001930000000000000000000001521008385000000000CENTRO DE FORMACAO DE ENFERMAGC ECON FEDERAL                          20711201102215100060404000000                    RETORNO-PRODUCAO                  000            
10400011T0100030 20023354550001930000000000000000000001521008385000000000CENTRO DE FORMACAO DE ENFERMAG                                                                                00000604071120110000000000                          00   
1040001300001T 060000000838500000000   240000000000054350100000000000000010112011000000000020500001036490000000000000000          090000000000000000                                                  000000000000326040101                     
1040001300002U 06000000000000000000000000001640000000000000000000000000000000000000000018860000000000018860000000000000000000000000000000071120110811201100000811201100000000000000000000000000000000000000000000000000000000000000000000       
1040001300003T 060000000838500000000   240000000000059912100000000000000010112011000000000018576000039580000000000000000          090000000000000000                                                  000000000000161020101                     
1040001300004U 06000000000000000000000000003344000000000000000000000000000000000000000015232000000000015232000000000000000000000000000000071120110811201100000811201100000000000000000000000000000000000000000000000000000000000000000000       
1040001300005T 060000000838500000000   240000000000079980100000000000000030102011000000000018576000015760000000000000000          090000000000000000                                                  000000000000161020101                     
1040001300006U 06000000000000860000000000000000000000000000000000000000000000000000000019436000000000019436000000000000000000000000000000071120110811201100000811201100000000000000000000000000000000000000000000000000000000000000000000       
1040001300007T 060000000838500000000   240000000000084615100000000000000020112011000000000015000001016130000000000000000          090000000000000000                                                  000000000000326040101                     
1040001300008U 06000000000000000000000000003600000000000000000000000000000000000000000011400000000000011400000000000000000000000000000000071120110811201100000811201100000000000000000000000000000000000000000000000000000000000000000000       
1040001300009T 060000000838500000000   240000000000085840100000000000000010112011000000000015000237011670000000000000000          090000000000000000                                                  000000000000326040101                     
1040001300010U 06000000000000000000000000001200000000000000000000000000000000000000000013800000000000013800000000000000000000000000000000071120110811201100000811201100000000000000000000000000000000000000000000000000000000000000000000       
1040001300011T 060000000838500000000   240000000000090844100000000000000030102011000000000021935000013070000000000000000          090000000000000000                                                  000000000000161020101                     
1040001300012U 06000000000001015000000000000000000000000000000000000000000000000000000022950000000000022950000000000000000000000000000000071120110811201100000811201100000000000000000000000000000000000000000000000000000000000000000000       
1040001300013T 060000000838500000000   240000000000104756100000000000000010112011000000000018576000031200000000000000000          090000000000000000                                                  000000000000161020101                     
1040001300014U 06000000000000000000000000003344000000000000000000000000000000000000000015232000000000015232000000000000000000000000000000071120110811201100000811201100000000000000000000000000000000000000000000000000000000000000000000       
1040001300015T 060000000838500000000   240000000000105442100000000000000010112011000000000019876000015210000000000000000          090000000000000000                                                  000000000000161020101                     
1040001300016U 06000000000000000000000000002783000000000000000000000000000000000000000017093000000000017093000000000000000000000000000000071120110811201100000811201100000000000000000000000000000000000000000000000000000000000000000000       
1040001300017T 060000000838500000000   1400000000023406611               10112011000000000019900000032730                         090000000000000000                                                  000000000000161020101                     
1040001300018U 06000000000000000000000000002985000000000000000000000000000000000000000016915000000000016915000000000000000000000000000000071120110811201100000811201100000000000000000000000000000000000000000000000000000000000000000000       
1040001300019T 060000000838500000000   1400000000023491541               10112011000000000019900237026170                         090000000000000000                                                  000000000000326040101                     
1040001300020U 06000000000000000000000000002985000000000000000000000000000000000000000016915000000000016915000000000000000000000000000000071120110811201100000811201100000000000000000000000000000000000000000000000000000000000000000000       
1040001300021T 060000000838500000000   240000000000107658100000000000000010112011000000000018576000015210000000000000000          090000000000000000                                                  000000000000161020101                     
1040001300022U 06000000000000000000000000002229000000000000000000000000000000000000000016347000000000016347000000000000000000000000000000071120110811201100000811201100000000000000000000000000000000000000000000000000000000000000000000       
1040001300023T 060000000838500000000   240000000000108654100000000000000010112011000000000019876000015760000000000000000          090000000000000000                                                  000000000000161020101                     
1040001300024U 06000000000000000000000000002783000000000000000000000000000000000000000017093000000000017093000000000000000000000000000000071120110811201100000811201100000000000000000000000000000000000000000000000000000000000000000000       
1040001300025T 060000000838500000000   240000000000108662100000000000000010122011000000000019876000015760000000000000000          090000000000000000                                                  000000000000161020101                     
1040001300026U 06000000000000000000000000002783000000000000000000000000000000000000000017093000000000017093000000000000000000000000000000071120110811201100000811201100000000000000000000000000000000000000000000000000000000000000000000       
1040001300027T 060000000838500000000   240000000000112392100000000000000010112011000000000018576000000270000000000000000          090000000000000000                                                  000000000000161020101                     
1040001300028U 06000000000000000000000000001486000000000000000000000000000000000000000017090000000000017090000000000000000000000000000000071120110811201100000811201100000000000000000000000000000000000000000000000000000000000000000000       
1040001300029T 060000000838500000000   1400000000023625841               10112011000000000022140000015760                         090000000000000000                                                  000000000000161020101                     
1040001300030U 06000000000000000000000000001771000000000000000000000000000000000000000020369000000000020369000000000000000000000000000000071120110811201100000811201100000000000000000000000000000000000000000000000000000000000000000000       
1040001300031T 060000000838500000000   1400000000024180591               10112011000000000019246000031200                         090000000000000000                                                  000000000000161020101                     
1040001300032U 06000000000000000000000000001540000000000000000000000000000000000000000017706000000000017706000000000000000000000000000000071120110811201100000811201100000000000000000000000000000000000000000000000000000000000000000000       
1040001300033T 060000000838500000000   1400000000025007151               10112011000000000019246000015770                         090000000000000000                                                  000000000000161020101                     
1040001300034U 06000000000000000000000000002887000000000000000000000000000000000000000016359000000000016359000000000000000000000000000000071120110811201100000811201100000000000000000000000000000000000000000000000000000000000000000000       
1040001300035T 060000000838500000000   1400000000025282291               10112011000000000020062000015760                         090000000000000000                                                  000000000000161020101                     
1040001300036U 06000000000000000000000000001605000000000000000000000000000000000000000018457000000000018457000000000000000000000000000000071120110811201100000811201100000000000000000000000000000000000000000000000000000000000000000000       
1040001300037T 060000000838500000000   1400000000025297301               10112011000000000019246237010370                         090000000000000000                                                  000000000000326040101                     
1040001300038U 06000000000000000000000000003464000000000000000000000000000000000000000015782000000000015782000000000000000000000000000000071120110811201100000811201100000000000000000000000000000000000000000000000000000000000000000000       
1040001300039T 060000000838500000000   1400000000025606611               20102011000000000019900000017390                         090000000000000000                                                  000000000000161020101                     
1040001300040U 06000000000001520000000000000000000000000000000000000000000000000000000021420000000000021420000000000000000000000000000000071120110811201100000811201100000000000000000000000000000000000000000000000000000000000000000000       
1040001300041T 060000000838500000000   1400000000026160391               31102011000000000019246000020630                         090000000000000000                                                  000000000000161020101                     
1040001300042U 06000000000000448000000000000000000000000000000000000000000000000000000019694000000000019694000000000000000000000000000000071120110811201100000811201100000000000000000000000000000000000000000000000000000000000000000000       
1040001300043T 060000000838500000000   240000000000016075100000000000000010112011000000000020500000015760000000000000000          090000000000000000                                                  000000000000161020101                     
1040001300044U 06000000000000000000000000004715000000000000000000000000000000000000000015785000000000015785000000000000000000000000000000071120110811201100000811201100000000000000000000000000000000000000000000000000000000000000000000       
1040001300045T 060000000838500000000   240000000000031813100000000000000030112011000000000020500001000200000000000000000          090000000000000000                                                  000000000000326040101                     
1040001300046U 06000000000000000000000000004715000000000000000000000000000000000000000015785000000000015785000000000000000000000000000000071120110811201100000811201100000000000000000000000000000000000000000000000000000000000000000000       
1040001300047T 060000000838500000000   240000000000032380100000000000000010112011000000000018576000017390000000000000000          090000000000000000                                                  000000000000161020101                     
1040001300048U 06000000000000000000000000003344000000000000000000000000000000000000000015232000000000015232000000000000000000000000000000071120110811201100000811201100000000000000000000000000000000000000000000000000000000000000000000       
1040001300049T 060000000838500000000   240000000000035770100000000000000030112011000000000020500000000270000000000000000          090000000000000000                                                  000000000000161020101                     
1040001300050U 06000000000000000000000000001640000000000000000000000000000000000000000018860000000000018860000000000000000000000000000000071120110811201100000811201100000000000000000000000000000000000000000000000000000000000000000000       
1040001300051T 060000000838500000000   240000000000037781100000000000000010112011000000000018576000015210000000000000000          090000000000000000                                                  000000000000161020101                     
1040001300052U 06000000000000000000000000003344000000000000000000000000000000000000000015232000000000015232000000000000000000000000000000071120110811201100000811201100000000000000000000000000000000000000000000000000000000000000000000       
1040001300053T 280000000838500000000                     0               00000000000000000000000000000000                         000000000000000000                                                  0000000000002340000000000                 
1040001300054U 280000000000000000000000000000000000000000000000000000000000000000000000000000000000000000000000000000000000000000000000000711201100000000000007112011000000000000000                              000                           
10400015         00005600000000000000000000000000000000000000000000000000000000000000000000000000000000000000000000                                                                                                                             
10499999         000001000058                                                                                                                                                                                                                   
