10400000         2023354550001930000000000000000000001521008385000000000CENTRO DE FORMACAO DE ENFERMAGC ECON FEDERAL                          20811201101380300060504000000                    RETORNO-PRODUCAO                  000            
10400011T0100030 20023354550001930000000000000000000001521008385000000000CENTRO DE FORMACAO DE ENFERMAG                                                                                00000605081120110000000000                          00   
1040001300001T 060000000838500000000   1400000000023510601               10112011000000000019900000014130                         090000000000000000                                                  000000000000161020101                     
1040001300002U 06000000000000000000000000001592000000000000000000000000000000000000000018308000000000018308000000000000000000000000000000081120110911201100000911201100000000000000000000000000000000000000000000000000000000000000000000       
1040001300003T 060000000838500000000   1400000000023521801               10112011000000000019900000015760                         090000000000000000                                                  000000000000161020101                     
1040001300004U 06000000000000000000000000001592000000000000000000000000000000000000000018308000000000018308000000000000000000000000000000081120110911201100000911201100000000000000000000000000000000000000000000000000000000000000000000       
1040001300005T 060000000838500000000   1400000000023603101               10112011000000000022140000016490                         090000000000000000                                                  000000000000161020101                     
1040001300006U 06000000000000000000000000001771000000000000000000000000000000000000000020369000000000020369000000000000000000000000000000081120110911201100000911201100000000000000000000000000000000000000000000000000000000000000000000       
1040001300007T 060000000838500000000   1400000000024179401               10112011000000000019246000015760                         090000000000000000                                                  000000000000161020101                     
1040001300008U 06000000000000000000000000001540000000000000000000000000000000000000000017706000000000017706000000000000000000000000000000081120110911201100000911201100000000000000000000000000000000000000000000000000000000000000000000       
1040001300009T 060000000838500000000   1400000000025026371               10112011000000000019900000039580                         090000000000000000                                                  000000000000161020101                     
1040001300010U 06000000000000000000000000002985000000000000000000000000000000000000000016915000000000016915000000000000000000000000000000081120110911201100000911201100000000000000000000000000000000000000000000000000000000000000000000       
1040001300011T 060000000838500000000   1400000000025692431               10102011000000000020062000006710                         090000000000000000                                                  000000000000161020101                     
1040001300012U 06000000000000000000000000000000000000000000000000000000000000000000000020062000000000020062000000000000000000000000000000081120110911201100000911201100000000000000000000000000000000000000000000000000000000000000000000       
1040001300013T 060000000838500000000   240000000000035592100000000000000020112011000000000020500000016490000000000000000          090000000000000000                                                  000000000000161020101                     
1040001300014U 06000000000000000000000000001640000000000000000000000000000000000000000018860000000000018860000000000000000000000000000000081120110911201100000911201100000000000000000000000000000000000000000000000000000000000000000000       
1040001300015T 060000000838500000000   240000000000061399100000000000000010112011000000000018576000015210000000000000000          090000000000000000                                                  000000000000161020101                     
1040001300016U 06000000000000000000000000001486000000000000000000000000000000000000000017090000000000017090000000000000000000000000000000081120110911201100000911201100000000000000000000000000000000000000000000000000000000000000000000       
1040001300017T 060000000838500000000   240000000000062956100000000000000010102011000000000018576000015760000000000000000          090000000000000000                                                  000000000000161020101                     
1040001300018U 06000000000002141000000000000000000000000000000000000000000000000000000020717000000000020717000000000000000000000000000000081120110911201100000911201100000000000000000000000000000000000000000000000000000000000000000000       
1040001300019T 060000000838500000000   240000000000063073100000000000000010112011000000000018576000014050000000000000000          090000000000000000                                                  000000000000161020101                     
1040001300020U 06000000000000000000000000001486000000000000000000000000000000000000000017090000000000017090000000000000000000000000000000081120110911201100000911201100000000000000000000000000000000000000000000000000000000000000000000       
1040001300021T 060000000838500000000   240000000000070010100000000000000020112011000000000020500000015760000000000000000          090000000000000000                                                  000000000000161020101                     
1040001300022U 06000000000000000000000000004715000000000000000000000000000000000000000015785000000000015785000000000000000000000000000000081120110911201100000911201100000000000000000000000000000000000000000000000000000000000000000000       
1040001300023T 060000000838500000000   240000000000080199100000000000000010112011000000000018576001029530000000000000000          090000000000000000                                                  000000000000326040101                     
1040001300024U 06000000000000000000000000002229000000000000000000000000000000000000000016347000000000016347000000000000000000000000000000081120110911201100000911201100000000000000000000000000000000000000000000000000000000000000000000       
1040001300025T 060000000838500000000   240000000000096532100000000000000010112011000000000021935000000270000000000000000          090000000000000000                                                  000000000000161020101                     
1040001300026U 06000000000000000000000000001974000000000000000000000000000000000000000019961000000000019961000000000000000000000000000000081120110911201100000911201100000000000000000000000000000000000000000000000000000000000000000000       
1040001300027T 060000000838500000000   240000000000108212100000000000000020112011000000000018576000013070000000000000000          090000000000000000                                                  000000000000161020101                     
1040001300028U 06000000000000000000000000002229000000000000000000000000000000000000000016347000000000016347000000000000000000000000000000081120110911201100000911201100000000000000000000000000000000000000000000000000000000000000000000       
1040001300029T 280000000838500000000                     0               00000000000000000000000000000000                         000000000000000000                                                  0000000000001560000000000                 
1040001300030U 280000000000000000000000000000000000000000000000000000000000000000000000000000000000000000000000000000000000000000000000000811201100000000000008112011000000000000000                              000                           
10400015         00003200000000000000000000000000000000000000000000000000000000000000000000000000000000000000000000                                                                                                                             
10499999         000001000034                                                                                                                                                                                                                   
