10400000         2023354550001930000000000000000000001521008385000000000CENTRO DE FORMACAO DE ENFERMAGC ECON FEDERAL                          20411201101390000060304000000                    RETORNO-PRODUCAO                  000            
10400011T0100030 20023354550001930000000000000000000001521008385000000000CENTRO DE FORMACAO DE ENFERMAG                                                                                00000603041120110000000000                          00   
1040001300001T 060000000838500000000   240000000000076612100000000000000020112011000000000020500000017390000000000000000          090000000000000000                                                  000000000000320030100                     
1040001300002U 06000000000000000000000000004715000000000000000000000000000000000000000015785000000000015785000000000000000000000000000000041120110411201100000411201100000000000000000000000000000000000000000000000000000000000000000000       
1040001300003T 060000000838500000000   240000000000083112100000000000000010112011000000000015000000000270000000000000000          090000000000000000                                                  000000000000161020101                     
1040001300004U 06000000000000000000000000001800000000000000000000000000000000000000000013200000000000013200000000000000000000000000000000041120110711201100000711201100000000000000000000000000000000000000000000000000000000000000000000       
1040001300005T 060000000838500000000   240000000000084780100000000000000030102011000000000015000000015210000000000000000          090000000000000000                                                  000000000000161020101                     
1040001300006U 06000000000000550000000000000000000000000000000000000000000000000000000015550000000000015550000000000000000000000000000000041120110711201100000711201100000000000000000000000000000000000000000000000000000000000000000000       
1040001300007T 060000000838500000000   240000000000030868100000000000000030102011000000000020500000000270000000000000000          090000000000000000                                                  000000000000161020101                     
1040001300008U 06000000000000750000000000000000000000000000000000000000000000000000000021250000000000021250000000000000000000000000000000041120110711201100000711201100000000000000000000000000000000000000000000000000000000000000000000       
1040001300009T 060000000838500000000   240000000000070355100000000000000020102011000000000020500000039580000000000000000          090000000000000000                                                  000000000000161020101                     
1040001300010U 06000000000001430000000000000000000000000000000000000000000000000000000021930000000000021930000000000000000000000000000000041120110711201100000711201100000000000000000000000000000000000000000000000000000000000000000000       
1040001300011T 060000000838500000000   1400000000023493591               10112011000000000019900001000200                         090000000000000000                                                  000000000000326040101                     
1040001300012U 06000000000000000000000000002985000000000000000000000000000000000000000016915000000000016915000000000000000000000000000000041120110711201100000711201100000000000000000000000000000000000000000000000000000000000000000000       
1040001300013T 060000000838500000000   1400000000023526271               10112011000000000019900000015760                         090000000000000000                                                  000000000000161020101                     
1040001300014U 06000000000000000000000000001592000000000000000000000000000000000000000018308000000000018308000000000000000000000000000000041120110711201100000711201100000000000000000000000000000000000000000000000000000000000000000000       
1040001300015T 060000000838500000000   1400000000025002781               10112011000000000019246000015210                         090000000000000000                                                  000000000000161020101                     
1040001300016U 06000000000000000000000000002887000000000000000000000000000000000000000016359000000000016359000000000000000000000000000000041120110711201100000711201100000000000000000000000000000000000000000000000000000000000000000000       
1040001300017T 060000000838500000000   240000000000019619100000000000000010112011000000000020500000015210000000000000000          090000000000000000                                                  000000000000161020101                     
1040001300018U 06000000000000000000000000004715000000000000000000000000000000000000000015785000000000015785000000000000000000000000000000041120110711201100000711201100000000000000000000000000000000000000000000000000000000000000000000       
1040001300019T 280000000838500000000                     0               00000000000000000000000000000000                         000000000000000000                                                  0000000000000780000000000                 
1040001300020U 280000000000000000000000000000000000000000000000000000000000000000000000000000000000000000000000000000000000000000000000000411201100000000000004112011000000000000000                              000                           
10400015         00002200000000000000000000000000000000000000000000000000000000000000000000000000000000000000000000                                                                                                                             
10499999         000001000024                                                                                                                                                                                                                   
