10400000         2023354550001930000000000000000000001521008385000000000CENTRO DE FORMACAO DE ENFERMAGC ECON FEDERAL                          20102201101315200041804000000                    RETORNO-PRODUCAO                  000            
10400011T0100030 20023354550001930000000000000000000001521008385000000000CENTRO DE FORMACAO DE ENFERMAG                                                                                00000418010220110000000000                          00   
1040001300001T 060000000838500000000   1400000000021158381               10022011000000000019224001016510                         090000000000000000                                                  000000000000326040101                     
1040001300002U 06000000000000000000000000000961000000000000000000000000000000000000000018263000000000018263000000000000000000000000000000010220110202201100000202201100000000000000000000000000000000000000000000000000000000000000000000       
1040001300003T 060000000838500000000   1400000000022339701               10012011000000000018576000017390                         090000000000000000                                                  000000000000161020101                     
1040001300004U 06000000000001801000000000000000000000000000000000000000000000000000000020377000000000020377000000000000000000000000000000010220110202201100000202201100000000000000000000000000000000000000000000000000000000000000000000       
1040001300005T 060000000838500000000   1400000000022965651               10012011000000000018576000015760                         090000000000000000                                                  000000000000161020101                     
1040001300006U 06000000000001801000000000000000000000000000000000000000000000000000000020377000000000020377000000000000000000000000000000010220110202201100000202201100000000000000000000000000000000000000000000000000000000000000000000       
1040001300007T 060000000838500000000  9000000000000000405100000000000000002022011000000000000130001016390000000000000000          090000000000000000                                                  000000000000326040101                     
1040001300008U 06000000000000000000000000000000000000000000000000000000000000000000000000130000000000000130000000000000000000000000000000010220110202201100000202201100000000000000000000000000000000000000000000000000000000000000000000       
1040001300009T 280000000838500000000                     0               00000000000000000000000000000000                         000000000000000000                                                  0000000000000780000000000                 
1040001300010U 280000000000000000000000000000000000000000000000000000000000000000000000000000000000000000000000000000000000000000000000000102201100000000000001022011000000000000000                              000                           
10400015         00001200000000000000000000000000000000000000000000000000000000000000000000000000000000000000000000                                                                                                                             
10499999         000001000014                                                                                                                                                                                                                   
