10400000         2116561060001640000000000000000000001521025052100000000A M A PEREIRA                 C ECON FEDERAL                          20102201101315200002304000000                    RETORNO-PRODUCAO                  000            
10400011T0100030 20116561060001640000000000000000000001521025052100000000A M A PEREIRA                                                                                                 00000023010220110000000000                          00   
1040001300001T 060000002505210000000   1400000000020721951               10022011000000000018500237021210                         090000000000000000                                                  000000000000326040101                     
1040001300002U 06000000000000000000000000002775000000000000000000000000000000000000000015725000000000015725000000000000000000000000000000010220110202201100000202201100000000000000000000000000000000000000000000000000000000000000000000       
1040001300003T 280000002505210000000                     0               00000000000000000000000000000000                         000000000000000000                                                  0000000000000260000000000                 
1040001300004U 280000000000000000000000000000000000000000000000000000000000000000000000000000000000000000000000000000000000000000000000000102201100000000000001022011000000000000000                              000                           
10400015         00000600000000000000000000000000000000000000000000000000000000000000000000000000000000000000000000                                                                                                                             
10499999         000001000008                                                                                                                                                                                                                   
