10400000         2116738870001030000000000000000000001521025051200000000RAIZA CARVALHO PEREIRA        C ECON FEDERAL                          23101201102470900001204000000                    RETORNO-PRODUCAO                  000            
10400011T0100030 20116738870001030000000000000000000001521025051200000000RAIZA CARVALHO PEREIRA                                                                                        00000012310120110000000000                          00   
1040001300001T 060000002505120000000   249000000000000890100000000000000030012011000000000012000000007640000000000000000          090000000000000000                                                  000000000000161020101                     
1040001300002U 06000000000000000000000000000600000000000000000000000000000000000000000011400000000000011400000000000000000000000000000000310120110102201100000102201100000000000000000000000000000000000000000000000000000000000000000000       
10400015         00000400000000000000000000000000000000000000000000000000000000000000000000000000000000000000000000                                                                                                                             
10499999         000001000006                                                                                                                                                                                                                   
