10400000         2116738870001030000000000000000000001521025051200000000RAIZA CARVALHO PEREIRA        C ECON FEDERAL                          22501201101363000000804000000                    RETORNO-PRODUCAO                  000            
10400011T0100030 20116738870001030000000000000000000001521025051200000000RAIZA CARVALHO PEREIRA                                                                                        00000008250120110000000000                          00   
1040001300001T 060000002505120000000   249000000000000084100000000000000030012011000000000012000000007640000000000000000          090000000000000000                                                  000000000000161020101                     
1040001300002U 06000000000000000000000000000600000000000000000000000000000000000000000011400000000000011400000000000000000000000000000000250120112601201100002601201100000000000000000000000000000000000000000000000000000000000000000000       
1040001300003T 060000002505120000000   249000000000000157100000000000000028022011000000000000110000015210000000000000000          090000000000000000                                                  000000000000161020101                     
1040001300004U 06000000000000000000000000000000000000000000000000000000000000000000000000110000000000000110000000000000000000000000000000250120112601201100002601201100000000000000000000000000000000000000000000000000000000000000000000       
1040001300005T 060000002505120000000   249000000000000793100000000000000030012011000000000012000000007640000000000000000          090000000000000000                                                  000000000000161020101                     
1040001300006U 06000000000000000000000000000600000000000000000000000000000000000000000011400000000000011400000000000000000000000000000000250120112601201100002601201100000000000000000000000000000000000000000000000000000000000000000000       
10400015         00000800000000000000000000000000000000000000000000000000000000000000000000000000000000000000000000                                                                                                                             
10499999         000001000010                                                                                                                                                                                                                   
