10400000         2116738870001030000000000000000000001521025051200000000RAIZA CARVALHO PEREIRA        C ECON FEDERAL                          20802201101591700001404000000                    RETORNO-PRODUCAO                  000            
10400011T0100030 20116738870001030000000000000000000001521025051200000000RAIZA CARVALHO PEREIRA                                                                                        00000014080220110000000000                          00   
1040001300001T 060000002505120000000   249000000000000157100000000000000028022011000000000000080000015210000000000000000          090000000000000000                                                  000000000000161020101                     
1040001300002U 06000000000000000000000000000000000000000000000000000000000000000000000000080000000000000080000000000000000000000000000000080220110902201100000902201100000000000000000000000000000000000000000000000000000000000000000000       
1040001300003T 060000002505120000000   249000000000000718100000000000000020012011000000000012000000007640000000000000000          090000000000000000                                                  000000000000161020101                     
1040001300004U 06000000000001038000000000000000000000000000000000000000000000000000000013038000000000013038000000000000000000000000000000080220110902201100000902201100000000000000000000000000000000000000000000000000000000000000000000       
1040001300005T 060000002505120000000   249000000000000874100000000000000010012011000000000012000000007640000000000000000          090000000000000000                                                  000000000000161020101                     
1040001300006U 06000000000001458000000000000000000000000000000000000000000000000000000013458000000000013458000000000000000000000000000000080220110902201100000902201100000000000000000000000000000000000000000000000000000000000000000000       
10400015         00000800000000000000000000000000000000000000000000000000000000000000000000000000000000000000000000                                                                                                                             
10499999         000001000010                                                                                                                                                                                                                   
