10400000         2116561060001640000000000000000000001521025052100000000A M A PEREIRA                 C ECON FEDERAL                          20802201101591700002804000000                    RETORNO-PRODUCAO                  000            
10400011T0100030 20116561060001640000000000000000000001521025052100000000A M A PEREIRA                                                                                                 00000028080220110000000000                          00   
1040001300001T 060000002505210000000   1400000000020705591               20022011000000000020500237011800                         090000000000000000                                                  000000000000326040101                     
1040001300002U 06000000000000000000000000001640000000000000000000000000000000000000000018860000000000018860000000000000000000000000000000080220110902201100000902201100000000000000000000000000000000000000000000000000000000000000000000       
1040001300003T 060000002505210000000   1400000000020720981               10022011000000000018500237004080                         090000000000000000                                                  000000000000326040101                     
1040001300004U 06000000000000000000000000000000000000000000000000000000000000000000000018500000000000018500000000000000000000000000000000080220110902201100000902201100000000000000000000000000000000000000000000000000000000000000000000       
1040001300005T 060000002505210000000   1400000000020907031               10022011000000000019224000015760                         090000000000000000                                                  000000000000161020101                     
1040001300006U 06000000000000000000000000000961000000000000000000000000000000000000000018263000000000018263000000000000000000000000000000080220110902201100000902201100000000000000000000000000000000000000000000000000000000000000000000       
1040001300007T 060000002505210000000   1400000000022120431               10022011000000000021076001056750                         090000000000000000                                                  000000000000326040101                     
1040001300008U 06000000000000000000000000001686000000000000000000000000000000000000000019390000000000019390000000000000000000000000000000080220110902201100000902201100000000000000000000000000000000000000000000000000000000000000000000       
1040001300009T 060000002505210000000   1400000000022393401               10022011000000000021276000017390                         090000000000000000                                                  000000000000161020101                     
1040001300010U 06000000000000000000000000001064000000000000000000000000000000000000000020212000000000020212000000000000000000000000000000080220110902201100000902201100000000000000000000000000000000000000000000000000000000000000000000       
1040001300011T 060000002505210000000   1400000000022630551               10022011000000000018576000014130                         090000000000000000                                                  000000000000161020101                     
1040001300012U 06000000000000000000000000001586000000000000000000000000000000000000000016990000000000016990000000000000000000000000000000080220110902201100000902201100000000000000000000000000000000000000000000000000000000000000000000       
1040001300013T 280000002505210000000                     0               00000000000000000000000000000000                         000000000000000000                                                  0000000000001560000000000                 
1040001300014U 280000000000000000000000000000000000000000000000000000000000000000000000000000000000000000000000000000000000000000000000000802201100000000000008022011000000000000000                              000                           
10400015         00001600000000000000000000000000000000000000000000000000000000000000000000000000000000000000000000                                                                                                                             
10499999         000001000018                                                                                                                                                                                                                   
