10400000         2116561060001640000000000000000000001521025052100000000A M A PEREIRA                 C ECON FEDERAL                          20702201102581300002704000000                    RETORNO-PRODUCAO                  000            
10400011T0100030 20116561060001640000000000000000000001521025052100000000A M A PEREIRA                                                                                                 00000027070220110000000000                          00   
1040001300001T 060000002505210000000   1400000000020803501               10022011000000000018500001036500                         090000000000000000                                                  000000000000326040101                     
1040001300002U 06000000000000000000000000001480000000000000000000000000000000000000000017020000000000017020000000000000000000000000000000070220110802201100000802201100000000000000000000000000000000000000000000000000000000000000000000       
1040001300003T 060000002505210000000   1400000000022791721               28022011000000000018500001029720                         090000000000000000                                                  000000000000326040101                     
1040001300004U 06000000000000000000000000000000000000000000000000000000000000000000000018500000000000018500000000000000000000000000000000070220110802201100000802201100000000000000000000000000000000000000000000000000000000000000000000       
1040001300005T 280000002505210000000                     0               00000000000000000000000000000000                         000000000000000000                                                  0000000000000520000000000                 
1040001300006U 280000000000000000000000000000000000000000000000000000000000000000000000000000000000000000000000000000000000000000000000000702201100000000000007022011000000000000000                              000                           
10400015         00000800000000000000000000000000000000000000000000000000000000000000000000000000000000000000000000                                                                                                                             
10499999         000001000010                                                                                                                                                                                                                   
