10400000         2023354550001930000000000000000000001521008385000000000CENTRO DE FORMACAO DE ENFERMAGC ECON FEDERAL                          21102201101564400042604000000                    RETORNO-PRODUCAO                  000            
10400011T0100030 20023354550001930000000000000000000001521008385000000000CENTRO DE FORMACAO DE ENFERMAG                                                                                00000426110220110000000000                          00   
1040001300001T 060000000838500000000  9000000000000001509100000000000000010022011000000000020500000015760000000000000000          090000000000000000                                                  000000000000320030100                     
1040001300002U 06000000000000478000000000000000000000000000000000000000000000000000000020978000000000020978000000000000000000000000000000110220111102201100001102201100000000000000000000000000000000000000000000000000000000000000000000       
1040001300003T 060000000838500000000   1400000000022283571               20012011000000000019224000031200                         090000000000000000                                                  000000000000161020101                     
1040001300004U 06000000000001858000000000000000000000000000000000000000000000000000000021082000000000021082000000000000000000000000000000110220111402201100001402201100000000000000000000000000000000000000000000000000000000000000000000       
1040001300005T 060000000838500000000   1400000000022624071               20022011000000000018576000015210                         090000000000000000                                                  000000000000161020101                     
1040001300006U 06000000000000000000000000001486000000000000000000000000000000000000000017090000000000017090000000000000000000000000000000110220111402201100001402201100000000000000000000000000000000000000000000000000000000000000000000       
1040001300007T 060000000838500000000   1400000000022987971               10022011000000000015000000000270                         090000000000000000                                                  000000000000161020101                     
1040001300008U 06000000000000000000000000000000000000000000000000000000000000000000000015000000000000015000000000000000000000000000000000110220111402201100001402201100000000000000000000000000000000000000000000000000000000000000000000       
1040001300009T 060000000838500000000  9000000000000000847100000000000000020022011000000000017820000015210000000000000000          090000000000000000                                                  000000000000161020101                     
1040001300010U 06000000000000000000000000002673000000000000000000000000000000000000000015147000000000015147000000000000000000000000000000110220111402201100001402201100000000000000000000000000000000000000000000000000000000000000000000       
1040001300011T 280000000838500000000                     0               00000000000000000000000000000000                         000000000000000000                                                  0000000000000780000000000                 
1040001300012U 280000000000000000000000000000000000000000000000000000000000000000000000000000000000000000000000000000000000000000000000001102201100000000000011022011000000000000000                              000                           
10400015         00001400000000000000000000000000000000000000000000000000000000000000000000000000000000000000000000                                                                                                                             
10499999         000001000016                                                                                                                                                                                                                   
