10400000         2023354550001930000000000000000000001521008385000000000CENTRO DE FORMACAO DE ENFERMAGC ECON FEDERAL                          21002201102084500042504000000                    RETORNO-PRODUCAO                  000            
10400011T0100030 20023354550001930000000000000000000001521008385000000000CENTRO DE FORMACAO DE ENFERMAG                                                                                00000425100220110000000000                          00   
1040001300001T 060000000838500000000   1400000000021981641               28022011000000000020500000014050                         090000000000000000                                                  000000000000320030100                     
1040001300002U 06000000000000000000000000001640000000000000000000000000000000000000000018860000000000018860000000000000000000000000000000100220111002201100001002201100000000000000000000000000000000000000000000000000000000000000000000       
1040001300003T 060000000838500000000   1400000000019825201               10022011000000000017820000039580                         090000000000000000                                                  000000000000161020101                     
1040001300004U 06000000000000000000000000000891000000000000000000000000000000000000000016929000000000016929000000000000000000000000000000100220111102201100001102201100000000000000000000000000000000000000000000000000000000000000000000       
1040001300005T 060000000838500000000   1400000000020300001               20022011000000000018500409009600                         090000000000000000                                                  000000000000326040101                     
1040001300006U 06000000000000000000000000002775000000000000000000000000000000000000000015725000000000015725000000000000000000000000000000100220111102201100001102201100000000000000000000000000000000000000000000000000000000000000000000       
1040001300007T 060000000838500000000   1400000000020487311               30012011000000000018576000015210                         090000000000000000                                                  000000000000161020101                     
1040001300008U 06000000000001086000000000000000000000000000000000000000000000000000000019662000000000019662000000000000000000000000000000100220111102201100001102201100000000000000000000000000000000000000000000000000000000000000000000       
1040001300009T 060000000838500000000   1400000000020965231               10022011000000000017820001029530                         090000000000000000                                                  000000000000326040101                     
1040001300010U 06000000000000000000000000001426000000000000000000000000000000000000000016394000000000016394000000000000000000000000000000100220111102201100001102201100000000000000000000000000000000000000000000000000000000000000000000       
1040001300011T 060000000838500000000   1400000000021163971               20022011000000000019224000000270                         090000000000000000                                                  000000000000161020101                     
1040001300012U 06000000000000000000000000000961000000000000000000000000000000000000000018263000000000018263000000000000000000000000000000100220111102201100001102201100000000000000000000000000000000000000000000000000000000000000000000       
1040001300013T 060000000838500000000   1400000000021187211               10022011000000000019224000015210                         090000000000000000                                                  000000000000161020101                     
1040001300014U 06000000000000000000000000000961000000000000000000000000000000000000000018263000000000018263000000000000000000000000000000100220111102201100001102201100000000000000000000000000000000000000000000000000000000000000000000       
1040001300015T 060000000838500000000   1400000000021336151               10022011000000000017820237011800                         090000000000000000                                                  000000000000326040101                     
1040001300016U 06000000000000000000000000000891000000000000000000000000000000000000000016929000000000016929000000000000000000000000000000100220111102201100001102201100000000000000000000000000000000000000000000000000000000000000000000       
1040001300017T 060000000838500000000   1400000000021612281               10022011000000000018500000015760                         090000000000000000                                                  000000000000161020101                     
1040001300018U 06000000000000000000000000001480000000000000000000000000000000000000000017020000000000017020000000000000000000000000000000100220111102201100001102201100000000000000000000000000000000000000000000000000000000000000000000       
1040001300019T 060000000838500000000   1400000000021699031               10022011000000000015000000015760                         090000000000000000                                                  000000000000161020101                     
1040001300020U 06000000000000000000000000001200000000000000000000000000000000000000000013800000000000013800000000000000000000000000000000100220111102201100001102201100000000000000000000000000000000000000000000000000000000000000000000       
1040001300021T 060000000838500000000   1400000000021736841               10022011000000000013500000017390                         090000000000000000                                                  000000000000161020101                     
1040001300022U 06000000000000000000000000000675000000000000000000000000000000000000000012825000000000012825000000000000000000000000000000100220111102201100001102201100000000000000000000000000000000000000000000000000000000000000000000       
1040001300023T 060000000838500000000   1400000000021965441               10022011000000000018500001029720                         090000000000000000                                                  000000000000326040101                     
1040001300024U 06000000000000000000000000001480000000000000000000000000000000000000000017020000000000017020000000000000000000000000000000100220111102201100001102201100000000000000000000000000000000000000000000000000000000000000000000       
1040001300025T 060000000838500000000   1400000000022297871               10022011000000000019246000014130                         090000000000000000                                                  000000000000161020101                     
1040001300026U 06000000000000000000000000001540000000000000000000000000000000000000000017706000000000017706000000000000000000000000000000100220111102201100001102201100000000000000000000000000000000000000000000000000000000000000000000       
1040001300027T 060000000838500000000   1400000000022316331               10022011000000000018576001029530                         090000000000000000                                                  000000000000326040101                     
1040001300028U 06000000000000000000000000001858000000000000000000000000000000000000000016718000000000016718000000000000000000000000000000100220111102201100001102201100000000000000000000000000000000000000000000000000000000000000000000       
1040001300029T 060000000838500000000   1400000000022722081               10022011000000000019224001014140                         090000000000000000                                                  000000000000326040101                     
1040001300030U 06000000000000000000000000000000000000000000000000000000000000000000000019224000000000019224000000000000000000000000000000100220111102201100001102201100000000000000000000000000000000000000000000000000000000000000000000       
1040001300031T 060000000838500000000   1400000000022868371               10022011000000000018500000013070                         090000000000000000                                                  000000000000161020101                     
1040001300032U 06000000000000000000000000002775000000000000000000000000000000000000000015725000000000015725000000000000000000000000000000100220111102201100001102201100000000000000000000000000000000000000000000000000000000000000000000       
1040001300033T 060000000838500000000   1400000000022966621               10022011000000000018576000000270                         090000000000000000                                                  000000000000161020101                     
1040001300034U 06000000000000000000000000001486000000000000000000000000000000000000000017090000000000017090000000000000000000000000000000100220111102201100001102201100000000000000000000000000000000000000000000000000000000000000000000       
1040001300035T 060000000838500000000   1400000000022985921               20022011000000000015000237013190                         090000000000000000                                                  000000000000326040101                     
1040001300036U 06000000000000000000000000001800000000000000000000000000000000000000000013200000000000013200000000000000000000000000000000100220111102201100001102201100000000000000000000000000000000000000000000000000000000000000000000       
1040001300037T 060000000838500000000   1400000000022989751               10022011000000000015000000015210                         090000000000000000                                                  000000000000161020101                     
1040001300038U 06000000000000000000000000001800000000000000000000000000000000000000000013200000000000013200000000000000000000000000000000100220111102201100001102201100000000000000000000000000000000000000000000000000000000000000000000       
1040001300039T 060000000838500000000  9000000000000001053100000000000000010022011000000000018576000015210000000000000000          090000000000000000                                                  000000000000161020101                     
1040001300040U 06000000000000000000000000003344000000000000000000000000000000000000000015232000000000015232000000000000000000000000000000100220111102201100001102201100000000000000000000000000000000000000000000000000000000000000000000       
1040001300041T 060000000838500000000  9000000000000001568100000000000000010022011000000000018576001016390000000000000000          090000000000000000                                                  000000000000326040101                     
1040001300042U 06000000000000000000000000001486000000000000000000000000000000000000000017090000000000017090000000000000000000000000000000100220111102201100001102201100000000000000000000000000000000000000000000000000000000000000000000       
1040001300043T 060000000838500000000  9000000000000001576100000000000000010022011000000000018576001029540000000000000000          090000000000000000                                                  000000000000326040101                     
1040001300044U 06000000000000000000000000001486000000000000000000000000000000000000000017090000000000017090000000000000000000000000000000100220111102201100001102201100000000000000000000000000000000000000000000000000000000000000000000       
1040001300045T 060000000838500000000  9000000000000002017100000000000000010022011000000000018576000015210000000000000000          090000000000000000                                                  000000000000161020101                     
1040001300046U 06000000000000000000000000003344000000000000000000000000000000000000000015232000000000015232000000000000000000000000000000100220111102201100001102201100000000000000000000000000000000000000000000000000000000000000000000       
1040001300047T 060000000838500000000  9000000000000002181100000000000000020022011000000000020500000000270000000000000000          090000000000000000                                                  000000000000161020101                     
1040001300048U 06000000000000000000000000001640000000000000000000000000000000000000000018860000000000018860000000000000000000000000000000100220111102201100001102201100000000000000000000000000000000000000000000000000000000000000000000       
1040001300049T 060000000838500000000  9000000000000003110100000000000000010022011000000000020500000000270000000000000000          090000000000000000                                                  000000000000161020101                     
1040001300050U 06000000000000000000000000001640000000000000000000000000000000000000000018860000000000018860000000000000000000000000000000100220111102201100001102201100000000000000000000000000000000000000000000000000000000000000000000       
1040001300051T 280000000838500000000                     0               00000000000000000000000000000000                         000000000000000000                                                  0000000000004940000000000                 
1040001300052U 280000000000000000000000000000000000000000000000000000000000000000000000000000000000000000000000000000000000000000000000001002201100000000000010022011000000000000000                              000                           
10400015         00005400000000000000000000000000000000000000000000000000000000000000000000000000000000000000000000                                                                                                                             
10499999         000001000056                                                                                                                                                                                                                   
