10400000         2023354550001930000000000000000000001521008385000000000CENTRO DE FORMACAO DE ENFERMAGC ECON FEDERAL                          20902201101571900042404000000                    RETORNO-PRODUCAO                  000            
10400011T0100030 20023354550001930000000000000000000001521008385000000000CENTRO DE FORMACAO DE ENFERMAG                                                                                00000424090220110000000000                          00   
1040001300001T 060000000838500000000   1400000000020332201               10022011000000000018500237010370                         090000000000000000                                                  000000000000326040101                     
1040001300002U 06000000000000000000000000002775000000000000000000000000000000000000000015725000000000015725000000000000000000000000000000090220111002201100001002201100000000000000000000000000000000000000000000000000000000000000000000       
1040001300003T 060000000838500000000   1400000000020713931               10022011000000000020500000017390                         090000000000000000                                                  000000000000161020101                     
1040001300004U 06000000000000000000000000001640000000000000000000000000000000000000000018860000000000018860000000000000000000000000000000090220111002201100001002201100000000000000000000000000000000000000000000000000000000000000000000       
1040001300005T 060000000838500000000   1400000000020933971               31012011000000000018576000000270                         090000000000000000                                                  000000000000161020101                     
1040001300006U 06000000000000956000000000000000000000000000000000000000000000000000000019532000000000019532000000000000000000000000000000090220111002201100001002201100000000000000000000000000000000000000000000000000000000000000000000       
1040001300007T 060000000838500000000   1400000000021193531               10022011000000000019224000000270                         090000000000000000                                                  000000000000161020101                     
1040001300008U 06000000000000000000000000000961000000000000000000000000000000000000000018263000000000018263000000000000000000000000000000090220111002201100001002201100000000000000000000000000000000000000000000000000000000000000000000       
1040001300009T 060000000838500000000   1400000000021989621               10022011000000000020500000015210                         090000000000000000                                                  000000000000161020101                     
1040001300010U 06000000000000000000000000003075000000000000000000000000000000000000000017425000000000017425000000000000000000000000000000090220111002201100001002201100000000000000000000000000000000000000000000000000000000000000000000       
1040001300011T 060000000838500000000   1400000000022020721               20022011000000000023000000017390                         090000000000000000                                                  000000000000161020101                     
1040001300012U 06000000000000000000000000001840000000000000000000000000000000000000000021160000000000021160000000000000000000000000000000090220111002201100001002201100000000000000000000000000000000000000000000000000000000000000000000       
1040001300013T 060000000838500000000   1400000000022162511               10022011000000000018500000017390                         090000000000000000                                                  000000000000161020101                     
1040001300014U 06000000000000000000000000001480000000000000000000000000000000000000000017020000000000017020000000000000000000000000000000090220111002201100001002201100000000000000000000000000000000000000000000000000000000000000000000       
1040001300015T 060000000838500000000   1400000000022347211               10022011000000000018576000017390                         090000000000000000                                                  000000000000161020101                     
1040001300016U 06000000000000000000000000000929000000000000000000000000000000000000000017647000000000017647000000000000000000000000000000090220111002201100001002201100000000000000000000000000000000000000000000000000000000000000000000       
1040001300017T 060000000838500000000  9000000000000001304100000000000000010022011000000000018576000017390000000000000000          090000000000000000                                                  000000000000161020101                     
1040001300018U 06000000000000000000000000003344000000000000000000000000000000000000000015232000000000015232000000000000000000000000000000090220111002201100001002201100000000000000000000000000000000000000000000000000000000000000000000       
1040001300019T 280000000838500000000                     0               00000000000000000000000000000000                         000000000000000000                                                  0000000000002080000000000                 
1040001300020U 280000000000000000000000000000000000000000000000000000000000000000000000000000000000000000000000000000000000000000000000000902201100000000000009022011000000000000000                              000                           
10400015         00002200000000000000000000000000000000000000000000000000000000000000000000000000000000000000000000                                                                                                                             
10499999         000001000024                                                                                                                                                                                                                   
