10400000         2023354550001930000000000000000000001521008385000000000CENTRO DE FORMACAO DE ENFERMAGC ECON FEDERAL                          21402201102135100042704000000                    RETORNO-PRODUCAO                  000            
10400011T0100030 20023354550001930000000000000000000001521008385000000000CENTRO DE FORMACAO DE ENFERMAG                                                                                00000427140220110000000000                          00   
1040001300001T 060000000838500000000   1400000000020331221               20022011000000000018500000015770                         090000000000000000                                                  000000000000161020101                     
1040001300002U 06000000000000000000000000002775000000000000000000000000000000000000000015725000000000015725000000000000000000000000000000140220111502201100001502201100000000000000000000000000000000000000000000000000000000000000000000       
1040001300003T 060000000838500000000   1400000000021346891               20012011000000000017820000015760                         090000000000000000                                                  000000000000161020101                     
1040001300004U 06000000000001906000000000000000000000000000000000000000000000000000000019726000000000019726000000000000000000000000000000140220111502201100001502201100000000000000000000000000000000000000000000000000000000000000000000       
1040001300005T 060000000838500000000   1400000000021346971               20022011000000000017820000015760                         090000000000000000                                                  000000000000161020101                     
1040001300006U 06000000000000000000000000000891000000000000000000000000000000000000000016929000000000016929000000000000000000000000000000140220111502201100001502201100000000000000000000000000000000000000000000000000000000000000000000       
1040001300007T 060000000838500000000   1400000000021639131               10022011000000000018500000015770                         090000000000000000                                                  000000000000161020101                     
1040001300008U 06000000000000000000000000000000000000000000000000000000000000000000000018500000000000018500000000000000000000000000000000140220111502201100001502201100000000000000000000000000000000000000000000000000000000000000000000       
1040001300009T 060000000838500000000   1400000000021659751               20022011000000000018500000015210                         090000000000000000                                                  000000000000161020101                     
1040001300010U 06000000000000000000000000002775000000000000000000000000000000000000000015725000000000015725000000000000000000000000000000140220111502201100001502201100000000000000000000000000000000000000000000000000000000000000000000       
1040001300011T 060000000838500000000   1400000000022968751               28022011000000000014500237011680                         090000000000000000                                                  000000000000326040101                     
1040001300012U 06000000000000000000000000002175000000000000000000000000000000000000000012325000000000012325000000000000000000000000000000140220111502201100001502201100000000000000000000000000000000000000000000000000000000000000000000       
1040001300013T 060000000838500000000   1400000000022977581               20022011000000000015000000013070                         090000000000000000                                                  000000000000161020101                     
1040001300014U 06000000000000000000000000001800000000000000000000000000000000000000000013200000000000013200000000000000000000000000000000140220111502201100001502201100000000000000000000000000000000000000000000000000000000000000000000       
1040001300015T 060000000838500000000  9000000000000001100100000000000000020022011000000000018576000032730000000000000000          090000000000000000                                                  000000000000161020101                     
1040001300016U 06000000000000000000000000003344000000000000000000000000000000000000000015232000000000015232000000000000000000000000000000140220111502201100001502201100000000000000000000000000000000000000000000000000000000000000000000       
1040001300017T 060000000838500000000  9000000000000001835100000000000000020022011000000000020500000039580000000000000000          090000000000000000                                                  000000000000161020101                     
1040001300018U 06000000000000000000000000003485000000000000000000000000000000000000000017015000000000017015000000000000000000000000000000140220111502201100001502201100000000000000000000000000000000000000000000000000000000000000000000       
1040001300019T 060000000838500000000  9000000000000002459100000000000000020022011000000000018576000015760000000000000000          090000000000000000                                                  000000000000161020101                     
1040001300020U 06000000000000000000000000001486000000000000000000000000000000000000000017090000000000017090000000000000000000000000000000140220111502201100001502201100000000000000000000000000000000000000000000000000000000000000000000       
1040001300021T 060000000838500000000  9000000000000002696100000000000000020022011000000000018576001016130000000000000000          090000000000000000                                                  000000000000326040101                     
1040001300022U 06000000000000000000000000001486000000000000000000000000000000000000000017090000000000017090000000000000000000000000000000140220111502201100001502201100000000000000000000000000000000000000000000000000000000000000000000       
1040001300023T 060000000838500000000  9000000000000002912100000000000000028022011000000000018576000017390000000000000000          090000000000000000                                                  000000000000161020101                     
1040001300024U 06000000000000000000000000001486000000000000000000000000000000000000000017090000000000017090000000000000000000000000000000140220111502201100001502201100000000000000000000000000000000000000000000000000000000000000000000       
1040001300025T 280000000838500000000                     0               00000000000000000000000000000000                         000000000000000000                                                  0000000000001820000000000                 
1040001300026U 280000000000000000000000000000000000000000000000000000000000000000000000000000000000000000000000000000000000000000000000001402201100000000000014022011000000000000000                              000                           
10400015         00002800000000000000000000000000000000000000000000000000000000000000000000000000000000000000000000                                                                                                                             
10499999         000001000030                                                                                                                                                                                                                   
