10400000         2023354550001930000000000000000000001521008385000000000CENTRO DE FORMACAO DE ENFERMAGC ECON FEDERAL                          21502201101493100042804000000                    RETORNO-PRODUCAO                  000            
10400011T0100030 20023354550001930000000000000000000001521008385000000000CENTRO DE FORMACAO DE ENFERMAG                                                                                00000428150220110000000000                          00   
1040001300001T 060000000838500000000   1400000000022023741               20022011000000000023000000014130                         090000000000000000                                                  000000000000149060101                     
1040001300002U 06000000000000000000000000001840000000000000000000000000000000000000000021160000000000021160000000000000000000000000000000150220111602201100001602201100000000000000000000000000000000000000000000000000000000000000000000       
1040001300003T 060000000838500000000   1400000000022856791               20022011000000000018500341011400                         090000000000000000                                                  000000000000326040101                     
1040001300004U 06000000000000000000000000000000000000000000000000000000000000000000000018500000000000018500000000000000000000000000000000150220111602201100001602201100000000000000000000000000000000000000000000000000000000000000000000       
1040001300005T 060000000838500000000   1400000000022938091               28022011000000000017820000015210                         090000000000000000                                                  000000000000161020101                     
1040001300006U 06000000000000000000000000001426000000000000000000000000000000000000000016394000000000016394000000000000000000000000000000150220111602201100001602201100000000000000000000000000000000000000000000000000000000000000000000       
1040001300007T 060000000838500000000   1400000000022994671               20022011000000000015000237010370                         090000000000000000                                                  000000000000326040101                     
1040001300008U 06000000000000000000000000001800000000000000000000000000000000000000000013200000000000013200000000000000000000000000000000150220111602201100001602201100000000000000000000000000000000000000000000000000000000000000000000       
1040001300009T 060000000838500000000   1400000000023024841               20022011000000000018576000013070                         090000000000000000                                                  000000000000161020101                     
1040001300010U 06000000000000000000000000001486000000000000000000000000000000000000000017090000000000017090000000000000000000000000000000150220111602201100001602201100000000000000000000000000000000000000000000000000000000000000000000       
1040001300011T 060000000838500000000  9000000000000001550100000000000000020022011000000000020500000000270000000000000000          090000000000000000                                                  000000000000161020101                     
1040001300012U 06000000000000000000000000003485000000000000000000000000000000000000000017015000000000017015000000000000000000000000000000150220111602201100001602201100000000000000000000000000000000000000000000000000000000000000000000       
1040001300013T 060000000838500000000  9000000000000002670100000000000000020022011000000000018576237004080000000000000000          090000000000000000                                                  000000000000326040101                     
1040001300014U 06000000000000000000000000001486000000000000000000000000000000000000000017090000000000017090000000000000000000000000000000150220111602201100001602201100000000000000000000000000000000000000000000000000000000000000000000       
1040001300015T 060000000838500000000  9000000000000002939100000000000000020022011000000000018576000015770000000000000000          090000000000000000                                                  000000000000161020101                     
1040001300016U 06000000000000000000000000001486000000000000000000000000000000000000000017090000000000017090000000000000000000000000000000150220111602201100001602201100000000000000000000000000000000000000000000000000000000000000000000       
1040001300017T 280000000838500000000                     0               00000000000000000000000000000000                         000000000000000000                                                  0000000000001300000000000                 
1040001300018U 280000000000000000000000000000000000000000000000000000000000000000000000000000000000000000000000000000000000000000000000001502201100000000000015022011000000000000000                              000                           
10400015         00002000000000000000000000000000000000000000000000000000000000000000000000000000000000000000000000                                                                                                                             
10499999         000001000022                                                                                                                                                                                                                   
