10400000         2023354550001930000000000000000000001521008385000000000CENTRO DE FORMACAO DE ENFERMAGC ECON FEDERAL                          21602201101441600042904000000                    RETORNO-PRODUCAO                  000            
10400011T0100030 20023354550001930000000000000000000001521008385000000000CENTRO DE FORMACAO DE ENFERMAG                                                                                00000429160220110000000000                          00   
1040001300001T 060000000838500000000  9000000000000000812100000000000000020022011000000000020500000016490000000000000000          090000000000000000                                                  000000000000320030100                     
1040001300002U 06000000000000000000000000004715000000000000000000000000000000000000000015785000000000015785000000000000000000000000000000160220111602201100001602201100000000000000000000000000000000000000000000000000000000000000000000       
1040001300003T 060000000838500000000   1400000000020415401               20022011000000000020500001018780                         090000000000000000                                                  000000000000326040101                     
1040001300004U 06000000000000000000000000000000000000000000000000000000000000000000000020500000000000020500000000000000000000000000000000160220111702201100001702201100000000000000000000000000000000000000000000000000000000000000000000       
1040001300005T 060000000838500000000   1400000000022319431               20022011000000000018576000014130                         090000000000000000                                                  000000000000161020101                     
1040001300006U 06000000000000000000000000000929000000000000000000000000000000000000000017647000000000017647000000000000000000000000000000160220111702201100001702201100000000000000000000000000000000000000000000000000000000000000000000       
1040001300007T 060000000838500000000   1400000000022998311               20022011000000000015000000015210                         090000000000000000                                                  000000000000161020101                     
1040001300008U 06000000000000000000000000001200000000000000000000000000000000000000000013800000000000013800000000000000000000000000000000160220111702201100001702201100000000000000000000000000000000000000000000000000000000000000000000       
1040001300009T 060000000838500000000  9000000000000001177100000000000000020022011000000000020500000016490000000000000000          090000000000000000                                                  000000000000161020101                     
1040001300010U 06000000000000000000000000001640000000000000000000000000000000000000000018860000000000018860000000000000000000000000000000160220111702201100001702201100000000000000000000000000000000000000000000000000000000000000000000       
1040001300011T 060000000838500000000  9000000000000002491100000000000000020022011000000000018576000015770000000000000000          090000000000000000                                                  000000000000161020101                     
1040001300012U 06000000000000000000000000001486000000000000000000000000000000000000000017090000000000017090000000000000000000000000000000160220111702201100001702201100000000000000000000000000000000000000000000000000000000000000000000       
1040001300013T 060000000838500000000  9000000000000002777100000000000000020022011000000000020500000015210000000000000000          090000000000000000                                                  000000000000161020101                     
1040001300014U 06000000000000000000000000001640000000000000000000000000000000000000000018860000000000018860000000000000000000000000000000160220111702201100001702201100000000000000000000000000000000000000000000000000000000000000000000       
1040001300015T 280000000838500000000                     0               00000000000000000000000000000000                         000000000000000000                                                  0000000000000780000000000                 
1040001300016U 280000000000000000000000000000000000000000000000000000000000000000000000000000000000000000000000000000000000000000000000001602201100000000000016022011000000000000000                              000                           
10400015         00001800000000000000000000000000000000000000000000000000000000000000000000000000000000000000000000                                                                                                                             
10499999         000001000020                                                                                                                                                                                                                   
