10400000         2023354550001930000000000000000000001521008385000000000CENTRO DE FORMACAO DE ENFERMAGC ECON FEDERAL                          21702201101454300043004000000                    RETORNO-PRODUCAO                  000            
10400011T0100030 20023354550001930000000000000000000001521008385000000000CENTRO DE FORMACAO DE ENFERMAG                                                                                00000430170220110000000000                          00   
1040001300001T 060000000838500000000   1400000000020431791               20012011000000000018576000014130                         090000000000000000                                                  000000000000161020101                     
1040001300002U 06000000000002191000000000000000000000000000000000000000000000000000000020767000000000020767000000000000000000000000000000170220111802201100001802201100000000000000000000000000000000000000000000000000000000000000000000       
1040001300003T 060000000838500000000   1400000000021601911               31012011000000000021000000020630                         090000000000000000                                                  000000000000161020101                     
1040001300004U 06000000000001678000000000000000000000000000000000000000000000000000000022678000000000022678000000000000000000000000000000170220111802201100001802201100000000000000000000000000000000000000000000000000000000000000000000       
1040001300005T 060000000838500000000   1400000000022861601               20022011000000000018500237026170                         090000000000000000                                                  000000000000326040101                     
1040001300006U 06000000000000000000000000002775000000000000000000000000000000000000000015725000000000015725000000000000000000000000000000170220111802201100001802201100000000000000000000000000000000000000000000000000000000000000000000       
1040001300007T 060000000838500000000   1400000000022949021               20022011000000000017820000013070                         090000000000000000                                                  000000000000161020101                     
1040001300008U 06000000000000000000000000001426000000000000000000000000000000000000000016394000000000016394000000000000000000000000000000170220111802201100001802201100000000000000000000000000000000000000000000000000000000000000000000       
1040001300009T 060000000838500000000  9000000000000001711100000000000000020022011000000000017820000032730000000000000000          090000000000000000                                                  000000000000161020101                     
1040001300010U 06000000000000000000000000002673000000000000000000000000000000000000000015147000000000015147000000000000000000000000000000170220111802201100001802201100000000000000000000000000000000000000000000000000000000000000000000       
1040001300011T 060000000838500000000  9000000000000002319100000000000000020022011000000000020500237004080000000000000000          090000000000000000                                                  000000000000326040101                     
1040001300012U 06000000000000000000000000001640000000000000000000000000000000000000000018860000000000018860000000000000000000000000000000170220111802201100001802201100000000000000000000000000000000000000000000000000000000000000000000       
1040001300013T 280000000838500000000                     0               00000000000000000000000000000000                         000000000000000000                                                  0000000000001040000000000                 
1040001300014U 280000000000000000000000000000000000000000000000000000000000000000000000000000000000000000000000000000000000000000000000001702201100000000000017022011000000000000000                              000                           
10400015         00001600000000000000000000000000000000000000000000000000000000000000000000000000000000000000000000                                                                                                                             
10499999         000001000018                                                                                                                                                                                                                   
