10400000         2023354550001930000000000000000000001521008385000000000CENTRO DE FORMACAO DE ENFERMAGC ECON FEDERAL                          21802201101404900043104000000                    RETORNO-PRODUCAO                  000            
10400011T0100030 20023354550001930000000000000000000001521008385000000000CENTRO DE FORMACAO DE ENFERMAG                                                                                00000431180220110000000000                          00   
1040001300001T 060000000838500000000   1400000000020405791               20022011000000000020500000015760                         090000000000000000                                                  000000000000161020101                     
1040001300002U 06000000000000000000000000001640000000000000000000000000000000000000000018860000000000018860000000000000000000000000000000180220112102201100002102201100000000000000000000000000000000000000000000000000000000000000000000       
1040001300003T 060000000838500000000   1400000000021539851               20022011000000000017820000015210                         090000000000000000                                                  000000000000161020101                     
1040001300004U 06000000000000000000000000000891000000000000000000000000000000000000000016929000000000016929000000000000000000000000000000180220112102201100002102201100000000000000000000000000000000000000000000000000000000000000000000       
1040001300005T 060000000838500000000   1400000000021953781               20022011000000000018500000015770                         090000000000000000                                                  000000000000161020101                     
1040001300006U 06000000000000000000000000002775000000000000000000000000000000000000000015725000000000015725000000000000000000000000000000180220112102201100002102201100000000000000000000000000000000000000000000000000000000000000000000       
1040001300007T 060000000838500000000   1400000000022033701               20022011000000000017820000007680                         090000000000000000                                                  000000000000161020101                     
1040001300008U 06000000000000000000000000002673000000000000000000000000000000000000000015147000000000015147000000000000000000000000000000180220112102201100002102201100000000000000000000000000000000000000000000000000000000000000000000       
1040001300009T 060000000838500000000   1400000000022275471               20022011000000000019224000007680                         090000000000000000                                                  000000000000161020101                     
1040001300010U 06000000000000000000000000000960000000000000000000000000000000000000000018264000000000018264000000000000000000000000000000180220112102201100002102201100000000000000000000000000000000000000000000000000000000000000000000       
1040001300011T 060000000838500000000   1400000000022846481               20022011000000000018500000015760                         090000000000000000                                                  000000000000161020101                     
1040001300012U 06000000000000000000000000001480000000000000000000000000000000000000000017020000000000017020000000000000000000000000000000180220112102201100002102201100000000000000000000000000000000000000000000000000000000000000000000       
1040001300013T 280000000838500000000                     0               00000000000000000000000000000000                         000000000000000000                                                  0000000000001560000000000                 
1040001300014U 280000000000000000000000000000000000000000000000000000000000000000000000000000000000000000000000000000000000000000000000001802201100000000000018022011000000000000000                              000                           
10400015         00001600000000000000000000000000000000000000000000000000000000000000000000000000000000000000000000                                                                                                                             
10499999         000001000018                                                                                                                                                                                                                   
