10400000         2023354550001930000000000000000000001521008385000000000CENTRO DE FORMACAO DE ENFERMAGC ECON FEDERAL                          22102201102370000043204000000                    RETORNO-PRODUCAO                  000            
10400011T0100030 20023354550001930000000000000000000001521008385000000000CENTRO DE FORMACAO DE ENFERMAG                                                                                00000432210220110000000000                          00   
1040001300001T 060000000838500000000   1400000000019862741               20022011000000000019224000013070                         090000000000000000                                                  000000000000161020101                     
1040001300002U 06000000000000000000000000004806000000000000000000000000000000000000000014418000000000014418000000000000000000000000000000210220112202201100002202201100000000000000000000000000000000000000000000000000000000000000000000       
1040001300003T 060000000838500000000   1400000000020317071               20022011000000000018500000013070                         090000000000000000                                                  000000000000161020101                     
1040001300004U 06000000000000000000000000002775000000000000000000000000000000000000000015725000000000015725000000000000000000000000000000210220112202201100002202201100000000000000000000000000000000000000000000000000000000000000000000       
1040001300005T 060000000838500000000   1400000000020368571               20022011000000000018500000013070                         090000000000000000                                                  000000000000161020101                     
1040001300006U 06000000000000000000000000001480000000000000000000000000000000000000000017020000000000017020000000000000000000000000000000210220112202201100002202201100000000000000000000000000000000000000000000000000000000000000000000       
1040001300007T 060000000838500000000   1400000000020378291               20022011000000000018500000016490                         090000000000000000                                                  000000000000161020101                     
1040001300008U 06000000000000000000000000001480000000000000000000000000000000000000000017020000000000017020000000000000000000000000000000210220112202201100002202201100000000000000000000000000000000000000000000000000000000000000000000       
1040001300009T 060000000838500000000   1400000000020487401               28022011000000000018576000015210                         090000000000000000                                                  000000000000161020101                     
1040001300010U 06000000000000000000000000001486000000000000000000000000000000000000000017090000000000017090000000000000000000000000000000210220112202201100002202201100000000000000000000000000000000000000000000000000000000000000000000       
1040001300011T 060000000838500000000   1400000000021012681               20022011000000000017820237011800                         090000000000000000                                                  000000000000326040101                     
1040001300012U 06000000000000000000000000001426000000000000000000000000000000000000000016394000000000016394000000000000000000000000000000210220112202201100002202201100000000000000000000000000000000000000000000000000000000000000000000       
1040001300013T 060000000838500000000   1400000000021213231               20022011000000000018576000031200                         090000000000000000                                                  000000000000161020101                     
1040001300014U 06000000000000000000000000000929000000000000000000000000000000000000000017647000000000017647000000000000000000000000000000210220112202201100002202201100000000000000000000000000000000000000000000000000000000000000000000       
1040001300015T 060000000838500000000   1400000000021531101               20022011000000000017820000000270                         090000000000000000                                                  000000000000161020101                     
1040001300016U 06000000000000000000000000000891000000000000000000000000000000000000000016929000000000016929000000000000000000000000000000210220112202201100002202201100000000000000000000000000000000000000000000000000000000000000000000       
1040001300017T 060000000838500000000   1400000000021749661               20022011000000000013500000015210                         090000000000000000                                                  000000000000161020101                     
1040001300018U 06000000000000000000000000000675000000000000000000000000000000000000000012825000000000012825000000000000000000000000000000210220112202201100002202201100000000000000000000000000000000000000000000000000000000000000000000       
1040001300019T 060000000838500000000   1400000000021954751               20022011000000000018500001029530                         090000000000000000                                                  000000000000326040101                     
1040001300020U 06000000000000000000000000002775000000000000000000000000000000000000000015725000000000015725000000000000000000000000000000210220112202201100002202201100000000000000000000000000000000000000000000000000000000000000000000       
1040001300021T 060000000838500000000   1400000000021983691               28022011000000000020500000000270                         090000000000000000                                                  000000000000161020101                     
1040001300022U 06000000000000000000000000001640000000000000000000000000000000000000000018860000000000018860000000000000000000000000000000210220112202201100002202201100000000000000000000000000000000000000000000000000000000000000000000       
1040001300023T 060000000838500000000   1400000000022328771               20022011000000000018576000031200                         090000000000000000                                                  000000000000161020101                     
1040001300024U 06000000000000000000000000000000000000000000000000000000000000000000000018576000000000018576000000000000000000000000000000210220112202201100002202201100000000000000000000000000000000000000000000000000000000000000000000       
1040001300025T 060000000838500000000   1400000000022338811               20022011000000000018576000015760                         090000000000000000                                                  000000000000161020101                     
1040001300026U 06000000000000000000000000000929000000000000000000000000000000000000000017647000000000017647000000000000000000000000000000210220112202201100002202201100000000000000000000000000000000000000000000000000000000000000000000       
1040001300027T 060000000838500000000   1400000000022600991               20022011000000000018576000031200                         090000000000000000                                                  000000000000161020101                     
1040001300028U 06000000000000000000000000000929000000000000000000000000000000000000000017647000000000017647000000000000000000000000000000210220112202201100002202201100000000000000000000000000000000000000000000000000000000000000000000       
1040001300029T 060000000838500000000   1400000000022855801               20022011000000000020500000000270                         090000000000000000                                                  000000000000161020101                     
1040001300030U 06000000000000000000000000004715000000000000000000000000000000000000000015785000000000015785000000000000000000000000000000210220112202201100002202201100000000000000000000000000000000000000000000000000000000000000000000       
1040001300031T 060000000838500000000   1400000000022960341               20022011000000000018576000015760                         090000000000000000                                                  000000000000161020101                     
1040001300032U 06000000000000000000000000001486000000000000000000000000000000000000000017090000000000017090000000000000000000000000000000210220112202201100002202201100000000000000000000000000000000000000000000000000000000000000000000       
1040001300033T 060000000838500000000  9000000000000000073100000000000000020022011000000000020500000006710000000000000000          090000000000000000                                                  000000000000149060101                     
1040001300034U 06000000000000000000000000003485000000000000000000000000000000000000000017015000000000017015000000000000000000000000000000210220112202201100002202201100000000000000000000000000000000000000000000000000000000000000000000       
1040001300035T 280000000838500000000                     0               00000000000000000000000000000000                         000000000000000000                                                  0000000000004160000000000                 
1040001300036U 280000000000000000000000000000000000000000000000000000000000000000000000000000000000000000000000000000000000000000000000002102201100000000000021022011000000000000000                              000                           
10400015         00003800000000000000000000000000000000000000000000000000000000000000000000000000000000000000000000                                                                                                                             
10499999         000001000040                                                                                                                                                                                                                   
