10400000         2023354550001930000000000000000000001521008385000000000CENTRO DE FORMACAO DE ENFERMAGC ECON FEDERAL                          22202201101383600043304000000                    RETORNO-PRODUCAO                  000            
10400011T0100030 20023354550001930000000000000000000001521008385000000000CENTRO DE FORMACAO DE ENFERMAG                                                                                00000433220220110000000000                          00   
1040001300001T 060000000838500000000  9000000000000002718100000000000000028022011000000000018576000032730000000000000000          090000000000000000                                                  000000000000161020101                     
1040001300002U 06000000000000000000000000001486000000000000000000000000000000000000000017090000000000017090000000000000000000000000000000220220112302201100002302201100000000000000000000000000000000000000000000000000000000000000000000       
10400015         00000400000000000000000000000000000000000000000000000000000000000000000000000000000000000000000000                                                                                                                             
10499999         000001000006                                                                                                                                                                                                                   
