10400000         2023354550001930000000000000000000001521008385000000000CENTRO DE FORMACAO DE ENFERMAGC ECON FEDERAL                          22402201101511600043504000000                    RETORNO-PRODUCAO                  000            
10400011T0100030 20023354550001930000000000000000000001521008385000000000CENTRO DE FORMACAO DE ENFERMAG                                                                                00000435240220110000000000                          00   
1040001300001T 060000000838500000000   1400000000021217491               10032011000000000018576000016490                         090000000000000000                                                  000000000000161020101                     
1040001300002U 06000000000000000000000000000929000000000000000000000000000000000000000017647000000000017647000000000000000000000000000000240220112502201100002502201100000000000000000000000000000000000000000000000000000000000000000000       
1040001300003T 060000000838500000000   1400000000021703911               10022011000000000015000000015210                         090000000000000000                                                  000000000000161020101                     
1040001300004U 06000000000001042000000000000000000000000000000000000000000000000000000016042000000000016042000000000000000000000000000000240220112502201100002502201100000000000000000000000000000000000000000000000000000000000000000000       
1040001300005T 060000000838500000000   1400000000021951731               20022011000000000018500000013070                         090000000000000000                                                  000000000000161020101                     
1040001300006U 06000000000000565000000000000000000000000000000000000000000000000000000019065000000000019065000000000000000000000000000000240220112502201100002502201100000000000000000000000000000000000000000000000000000000000000000000       
1040001300007T 060000000838500000000  9000000000000001312100000000000000028022011000000000018576000015210000000000000000          090000000000000000                                                  000000000000161020101                     
1040001300008U 06000000000000000000000000003343000000000000000000000000000000000000000015233000000000015233000000000000000000000000000000240220112502201100002502201100000000000000000000000000000000000000000000000000000000000000000000       
1040001300009T 280000000838500000000                     0               00000000000000000000000000000000                         000000000000000000                                                  0000000000000780000000000                 
1040001300010U 280000000000000000000000000000000000000000000000000000000000000000000000000000000000000000000000000000000000000000000000002402201100000000000024022011000000000000000                              000                           
10400015         00001200000000000000000000000000000000000000000000000000000000000000000000000000000000000000000000                                                                                                                             
10499999         000001000014                                                                                                                                                                                                                   
