10400000         2023354550001930000000000000000000001521008385000000000CENTRO DE FORMACAO DE ENFERMAGC ECON FEDERAL                          22802201102301200043704000000                    RETORNO-PRODUCAO                  000            
10400011T0100030 20023354550001930000000000000000000001521008385000000000CENTRO DE FORMACAO DE ENFERMAG                                                                                00000437280220110000000000                          00   
1040001300001T 060000000838500000000   1400000000019091481               28022011000000000014580000016490                         090000000000000000                                                  000000000000161020101                     
1040001300002U 06000000000000000000000000000729000000000000000000000000000000000000000013851000000000013851000000000000000000000000000000280220110103201100000103201100000000000000000000000000000000000000000000000000000000000000000000       
1040001300003T 060000000838500000000   1400000000020299071               28022011000000000018500000015770                         090000000000000000                                                  000000000000161020101                     
1040001300004U 06000000000000000000000000002775000000000000000000000000000000000000000015725000000000015725000000000000000000000000000000280220110103201100000103201100000000000000000000000000000000000000000000000000000000000000000000       
1040001300005T 060000000838500000000   1400000000020337421               28022011000000000018500000015760                         090000000000000000                                                  000000000000161020101                     
1040001300006U 06000000000000000000000000001480000000000000000000000000000000000000000017020000000000017020000000000000000000000000000000280220110103201100000103201100000000000000000000000000000000000000000000000000000000000000000000       
1040001300007T 060000000838500000000   1400000000020349861               28022011000000000018500000000270                         090000000000000000                                                  000000000000161020101                     
1040001300008U 06000000000000000000000000001480000000000000000000000000000000000000000017020000000000017020000000000000000000000000000000280220110103201100000103201100000000000000000000000000000000000000000000000000000000000000000000       
1040001300009T 060000000838500000000   1400000000020361211               28022011000000000018500000000270                         090000000000000000                                                  000000000000161020101                     
1040001300010U 06000000000000000000000000001480000000000000000000000000000000000000000017020000000000017020000000000000000000000000000000280220110103201100000103201100000000000000000000000000000000000000000000000000000000000000000000       
1040001300011T 060000000838500000000   1400000000020420401               28022011000000000020500001018780                         090000000000000000                                                  000000000000326040101                     
1040001300012U 06000000000000000000000000001640000000000000000000000000000000000000000018860000000000018860000000000000000000000000000000280220110103201100000103201100000000000000000000000000000000000000000000000000000000000000000000       
1040001300013T 060000000838500000000   1400000000020851491               28022011000000000018576000015210                         090000000000000000                                                  000000000000161020101                     
1040001300014U 06000000000000000000000000000929000000000000000000000000000000000000000017647000000000017647000000000000000000000000000000280220110103201100000103201100000000000000000000000000000000000000000000000000000000000000000000       
1040001300015T 060000000838500000000   1400000000020854591               28022011000000000018576000031200                         090000000000000000                                                  000000000000161020101                     
1040001300016U 06000000000000000000000000000929000000000000000000000000000000000000000017647000000000017647000000000000000000000000000000280220110103201100000103201100000000000000000000000000000000000000000000000000000000000000000000       
1040001300017T 060000000838500000000   1400000000020870871               28022011000000000018576001029530                         090000000000000000                                                  000000000000326040101                     
1040001300018U 06000000000000000000000000000929000000000000000000000000000000000000000017647000000000017647000000000000000000000000000000280220110103201100000103201100000000000000000000000000000000000000000000000000000000000000000000       
1040001300019T 060000000838500000000   1400000000020875831               28022011000000000018576000000270                         090000000000000000                                                  000000000000161020101                     
1040001300020U 06000000000000000000000000000929000000000000000000000000000000000000000017647000000000017647000000000000000000000000000000280220110103201100000103201100000000000000000000000000000000000000000000000000000000000000000000       
1040001300021T 060000000838500000000   1400000000020941991               28022011000000000018576000015210                         090000000000000000                                                  000000000000161020101                     
1040001300022U 06000000000000000000000000001486000000000000000000000000000000000000000017090000000000017090000000000000000000000000000000280220110103201100000103201100000000000000000000000000000000000000000000000000000000000000000000       
1040001300023T 060000000838500000000   1400000000020978721               28022011000000000017820001000220                         090000000000000000                                                  000000000000326040101                     
1040001300024U 06000000000000000000000000001426000000000000000000000000000000000000000016394000000000016394000000000000000000000000000000280220110103201100000103201100000000000000000000000000000000000000000000000000000000000000000000       
1040001300025T 060000000838500000000   1400000000021183141               28022011000000000019224000015210                         090000000000000000                                                  000000000000161020101                     
1040001300026U 06000000000000000000000000000961000000000000000000000000000000000000000018263000000000018263000000000000000000000000000000280220110103201100000103201100000000000000000000000000000000000000000000000000000000000000000000       
1040001300027T 060000000838500000000   1400000000021204671               28022011000000000019224000014050                         090000000000000000                                                  000000000000161020101                     
1040001300028U 06000000000000000000000000000961000000000000000000000000000000000000000018263000000000018263000000000000000000000000000000280220110103201100000103201100000000000000000000000000000000000000000000000000000000000000000000       
1040001300029T 060000000838500000000   1400000000021576971               28022011000000000018500000015760                         090000000000000000                                                  000000000000161020101                     
1040001300030U 06000000000000000000000000002775000000000000000000000000000000000000000015725000000000015725000000000000000000000000000000280220110103201100000103201100000000000000000000000000000000000000000000000000000000000000000000       
1040001300031T 060000000838500000000   1400000000021605071               28022011000000000018500000013070                         090000000000000000                                                  000000000000161020101                     
1040001300032U 06000000000000000000000000002775000000000000000000000000000000000000000015725000000000015725000000000000000000000000000000280220110103201100000103201100000000000000000000000000000000000000000000000000000000000000000000       
1040001300033T 060000000838500000000   1400000000021724161               28022011000000000018500000015760                         090000000000000000                                                  000000000000161020101                     
1040001300034U 06000000000000000000000000002775000000000000000000000000000000000000000015725000000000015725000000000000000000000000000000280220110103201100000103201100000000000000000000000000000000000000000000000000000000000000000000       
1040001300035T 060000000838500000000   1400000000021970441               28022011000000000018500000013070                         090000000000000000                                                  000000000000161020101                     
1040001300036U 06000000000000000000000000000925000000000000000000000000000000000000000017575000000000017575000000000000000000000000000000280220110103201100000103201100000000000000000000000000000000000000000000000000000000000000000000       
1040001300037T 060000000838500000000   1400000000021978691               20022011000000000020500000017390                         090000000000000000                                                  000000000000161020101                     
1040001300038U 06000000000000842000000000000000000000000000000000000000000000000000000021342000000000021342000000000000000000000000000000280220110103201100000103201100000000000000000000000000000000000000000000000000000000000000000000       
1040001300039T 060000000838500000000   1400000000022943501               28022011000000000018576000016490                         090000000000000000                                                  000000000000161020101                     
1040001300040U 06000000000000000000000000002229000000000000000000000000000000000000000016347000000000016347000000000000000000000000000000280220110103201100000103201100000000000000000000000000000000000000000000000000000000000000000000       
1040001300041T 060000000838500000000   1400000000022951861               28022011000000000017820000000270                         090000000000000000                                                  000000000000161020101                     
1040001300042U 06000000000000000000000000001426000000000000000000000000000000000000000016394000000000016394000000000000000000000000000000280220110103201100000103201100000000000000000000000000000000000000000000000000000000000000000000       
1040001300043T 060000000838500000000   1400000000023019251               28022011000000000018576000015760                         090000000000000000                                                  000000000000161020101                     
1040001300044U 06000000000000000000000000001486000000000000000000000000000000000000000017090000000000017090000000000000000000000000000000280220110103201100000103201100000000000000000000000000000000000000000000000000000000000000000000       
1040001300045T 060000000838500000000  9000000000000000960100000000000000028022011000000000020500000014130000000000000000          090000000000000000                                                  000000000000161020101                     
1040001300046U 06000000000000000000000000004715000000000000000000000000000000000000000015785000000000015785000000000000000000000000000000280220110103201100000103201100000000000000000000000000000000000000000000000000000000000000000000       
1040001300047T 060000000838500000000  9000000000000001436100000000000000010022011000000000018576000015210000000000000000          090000000000000000                                                  000000000000161020101                     
1040001300048U 06000000000001470000000000000000000000000000000000000000000000000000000020046000000000020046000000000000000000000000000000280220110103201100000103201100000000000000000000000000000000000000000000000000000000000000000000       
1040001300049T 060000000838500000000  9000000000000002050100000000000000028022011000000000018576000013070000000000000000          090000000000000000                                                  000000000000161020101                     
1040001300050U 06000000000000000000000000001486000000000000000000000000000000000000000017090000000000017090000000000000000000000000000000280220110103201100000103201100000000000000000000000000000000000000000000000000000000000000000000       
1040001300051T 060000000838500000000  9000000000000002106100000000000000028022011000000000020500000000270000000000000000          090000000000000000                                                  000000000000161020101                     
1040001300052U 06000000000000000000000000001640000000000000000000000000000000000000000018860000000000018860000000000000000000000000000000280220110103201100000103201100000000000000000000000000000000000000000000000000000000000000000000       
1040001300053T 280000000838500000000                     0               00000000000000000000000000000000                         000000000000000000                                                  0000000000005720000000000                 
1040001300054U 280000000000000000000000000000000000000000000000000000000000000000000000000000000000000000000000000000000000000000000000002802201100000000000028022011000000000000000                              000                           
10400015         00005600000000000000000000000000000000000000000000000000000000000000000000000000000000000000000000                                                                                                                             
10499999         000001000058                                                                                                                                                                                                                   
