10400000         2023354550001930000000000000000000001521008385000000000CENTRO DE FORMACAO DE ENFERMAGC ECON FEDERAL                          20203201102385800043904000000                    RETORNO-PRODUCAO                  000            
10400011T0100030 20023354550001930000000000000000000001521008385000000000CENTRO DE FORMACAO DE ENFERMAG                                                                                00000439020320110000000000                          00   
1040001300001T 060000000838500000000   1400000000020960271               28022011000000000017820000032730                         090000000000000000                                                  000000000000320030100                     
1040001300002U 06000000000000000000000000000000000000000000000000000000000000000000000017820000000000017820000000000000000000000000000000020320110203201100000203201100000000000000000000000000000000000000000000000000000000000000000000       
1040001300003T 060000000838500000000   1400000000021743621               10032011000000000015000000017390                         090000000000000000                                                  000000000000149060101                     
1040001300004U 06000000000000000000000000001200000000000000000000000000000000000000000013800000000000013800000000000000000000000000000000020320110303201100000303201100000000000000000000000000000000000000000000000000000000000000000000       
1040001300005T 060000000838500000000   1400000000022349341               20022011000000000018576000015760                         090000000000000000                                                  000000000000161020101                     
1040001300006U 06000000000001021000000000000000000000000000000000000000000000000000000019597000000000019597000000000000000000000000000000020320110303201100000303201100000000000000000000000000000000000000000000000000000000000000000000       
1040001300007T 060000000838500000000   1400000000023454691               10032011000000000019900000000270                         090000000000000000                                                  000000000000161020101                     
1040001300008U 06000000000000000000000000002985000000000000000000000000000000000000000016915000000000016915000000000000000000000000000000020320110303201100000303201100000000000000000000000000000000000000000000000000000000000000000000       
1040001300009T 280000000838500000000                     0               00000000000000000000000000000000                         000000000000000000                                                  0000000000001040000000000                 
1040001300010U 280000000000000000000000000000000000000000000000000000000000000000000000000000000000000000000000000000000000000000000000000203201100000000000002032011000000000000000                              000                           
10400015         00001200000000000000000000000000000000000000000000000000000000000000000000000000000000000000000000                                                                                                                             
10499999         000001000014                                                                                                                                                                                                                   
