10400000         2023354550001930000000000000000000001521008385000000000CENTRO DE FORMACAO DE ENFERMAGC ECON FEDERAL                          20303201102040900044004000000                    RETORNO-PRODUCAO                  000            
10400011T0100030 20023354550001930000000000000000000001521008385000000000CENTRO DE FORMACAO DE ENFERMAG                                                                                00000440030320110000000000                          00   
1040001300001T 060000000838500000000   1400000000022286671               10032011000000000019246000015760                         090000000000000000                                                  000000000000161020101                     
1040001300002U 06000000000000000000000000002887000000000000000000000000000000000000000016359000000000016359000000000000000000000000000000030320110403201100000403201100000000000000000000000000000000000000000000000000000000000000000000       
1040001300003T 060000000838500000000   1400000000022343141               10032011000000000018576000000270                         090000000000000000                                                  000000000000161020101                     
1040001300004U 06000000000000000000000000000929000000000000000000000000000000000000000017647000000000017647000000000000000000000000000000030320110403201100000403201100000000000000000000000000000000000000000000000000000000000000000000       
1040001300005T 060000000838500000000   1400000000022989831               10032011000000000015000000006710                         090000000000000000                                                  000000000000161020101                     
1040001300006U 06000000000000000000000000001800000000000000000000000000000000000000000013200000000000013200000000000000000000000000000000030320110403201100000403201100000000000000000000000000000000000000000000000000000000000000000000       
1040001300007T 060000000838500000000   1400000000022989911               10042011000000000015000000006710                         090000000000000000                                                  000000000000161020101                     
1040001300008U 06000000000000000000000000001800000000000000000000000000000000000000000013200000000000013200000000000000000000000000000000030320110403201100000403201100000000000000000000000000000000000000000000000000000000000000000000       
1040001300009T 060000000838500000000   1400000000023525461               10032011000000000019900000015760                         090000000000000000                                                  000000000000161020101                     
1040001300010U 06000000000000000000000000001592000000000000000000000000000000000000000018308000000000018308000000000000000000000000000000030320110403201100000403201100000000000000000000000000000000000000000000000000000000000000000000       
1040001300011T 280000000838500000000                     0               00000000000000000000000000000000                         000000000000000000                                                  0000000000001300000000000                 
1040001300012U 280000000000000000000000000000000000000000000000000000000000000000000000000000000000000000000000000000000000000000000000000303201100000000000003032011000000000000000                              000                           
10400015         00001400000000000000000000000000000000000000000000000000000000000000000000000000000000000000000000                                                                                                                             
10499999         000001000016                                                                                                                                                                                                                   
