10400000         2023354550001930000000000000000000001521008385000000000CENTRO DE FORMACAO DE ENFERMAGC ECON FEDERAL                          20403201101574800044104000000                    RETORNO-PRODUCAO                  000            
10400011T0100030 20023354550001930000000000000000000001521008385000000000CENTRO DE FORMACAO DE ENFERMAG                                                                                00000441040320110000000000                          00   
1040001300001T 060000000838500000000  9000000000000009801100000000000000010032011000000000017820000016490000000000000000          090000000000000000                                                  000000000000320030100                     
1040001300002U 06000000000000000000000000002673000000000000000000000000000000000000000015147000000000015147000000000000000000000000000000040320110403201100000403201100000000000000000000000000000000000000000000000000000000000000000000       
1040001300003T 060000000838500000000   1400000000021158461               10032011000000000019224001016510                         090000000000000000                                                  000000000000326040101                     
1040001300004U 06000000000000000000000000000961000000000000000000000000000000000000000018263000000000018263000000000000000000000000000000040320110903201100000903201100000000000000000000000000000000000000000000000000000000000000000000       
1040001300005T 060000000838500000000   1400000000021736251               10032011000000000013500237026170                         090000000000000000                                                  000000000000326040101                     
1040001300006U 06000000000000000000000000001620000000000000000000000000000000000000000011880000000000011880000000000000000000000000000000040320110903201100000903201100000000000000000000000000000000000000000000000000000000000000000000       
1040001300007T 060000000838500000000   1400000000021993811               20032011000000000015000000015760                         090000000000000000                                                  000000000000161020101                     
1040001300008U 06000000000000000000000000001200000000000000000000000000000000000000000013800000000000013800000000000000000000000000000000040320110903201100000903201100000000000000000000000000000000000000000000000000000000000000000000       
1040001300009T 060000000838500000000   1400000000022856871               20032011000000000018500341045250                         090000000000000000                                                  000000000000326040101                     
1040001300010U 06000000000000000000000000000000000000000000000000000000000000000000000018500000000000018500000000000000000000000000000000040320110903201100000903201100000000000000000000000000000000000000000000000000000000000000000000       
1040001300011T 060000000838500000000   1400000000022918061               10032011000000000017820000017390                         090000000000000000                                                  000000000000161020101                     
1040001300012U 06000000000000000000000000001426000000000000000000000000000000000000000016394000000000016394000000000000000000000000000000040320110903201100000903201100000000000000000000000000000000000000000000000000000000000000000000       
1040001300013T 060000000838500000000   1400000000022942601               28022011000000000017820000000270                         090000000000000000                                                  000000000000161020101                     
1040001300014U 06000000000000604000000000000000000000000000000000000000000000000000000018424000000000018424000000000000000000000000000000040320110903201100000903201100000000000000000000000000000000000000000000000000000000000000000000       
1040001300015T 060000000838500000000   1400000000022990501               10032011000000000015000000017390                         090000000000000000                                                  000000000000149060101                     
1040001300016U 06000000000000000000000000001200000000000000000000000000000000000000000013800000000000013800000000000000000000000000000000040320110903201100000903201100000000000000000000000000000000000000000000000000000000000000000000       
1040001300017T 060000000838500000000  9000000000000003374100000000000000010032011000000000015000000000270000000000000000          090000000000000000                                                  000000000000161020101                     
1040001300018U 06000000000000000000000000001500000000000000000000000000000000000000000013500000000000013500000000000000000000000000000000040320110903201100000903201100000000000000000000000000000000000000000000000000000000000000000000       
1040001300019T 060000000838500000000  9000000000000007825100000000000000010032011000000000020500000032730000000000000000          090000000000000000                                                  000000000000161020101                     
1040001300020U 06000000000000000000000000001640000000000000000000000000000000000000000018860000000000018860000000000000000000000000000000040320110903201100000903201100000000000000000000000000000000000000000000000000000000000000000000       
1040001300021T 280000000838500000000                     0               00000000000000000000000000000000                         000000000000000000                                                  0000000000001820000000000                 
1040001300022U 280000000000000000000000000000000000000000000000000000000000000000000000000000000000000000000000000000000000000000000000000403201100000000000004032011000000000000000                              000                           
10400015         00002400000000000000000000000000000000000000000000000000000000000000000000000000000000000000000000                                                                                                                             
10499999         000001000026                                                                                                                                                                                                                   
