10400000         2023354550001930000000000000000000001521008385000000000CENTRO DE FORMACAO DE ENFERMAGC ECON FEDERAL                          21103201101551000044404000000                    RETORNO-PRODUCAO                  000            
10400011T0100030 20023354550001930000000000000000000001521008385000000000CENTRO DE FORMACAO DE ENFERMAG                                                                                00000444110320110000000000                          00   
1040001300001T 060000000838500000000   1400000000022982901               10022011000000000015000000015210                         090000000000000000                                                  000000000000161020101                     
1040001300002U 06000000000001837000000000000000000000000000000000000000000000000000000016837000000000016837000000000000000000000000000000110320111403201100001403201100000000000000000000000000000000000000000000000000000000000000000000       
1040001300003T 060000000838500000000   1400000000022988001               10032011000000000015000000006710                         090000000000000000                                                  000000000000161020101                     
1040001300004U 06000000000000354000000000000000000000000000000000000000000000000000000015354000000000015354000000000000000000000000000000110320111403201100001403201100000000000000000000000000000000000000000000000000000000000000000000       
1040001300005T 060000000838500000000   1400000000023567701               10032011000000000017820000017390                         090000000000000000                                                  000000000000161020101                     
1040001300006U 06000000000000418000000000000000000000000000000000000000000000000000000018238000000000018238000000000000000000000000000000110320111403201100001403201100000000000000000000000000000000000000000000000000000000000000000000       
1040001300007T 060000000838500000000  9000000000000009100100000000000000020032011000000000018576000015210000000000000000          090000000000000000                                                  000000000000161020101                     
1040001300008U 06000000000000000000000000003344000000000000000000000000000000000000000015232000000000015232000000000000000000000000000000110320111403201100001403201100000000000000000000000000000000000000000000000000000000000000000000       
1040001300009T 060000000838500000000  9000000000000010729100000000000000010032011000000000018576000014130000000000000000          090000000000000000                                                  000000000000161020101                     
1040001300010U 06000000000000433000000000000000000000000000000000000000000000000000000019009000000000019009000000000000000000000000000000110320111403201100001403201100000000000000000000000000000000000000000000000000000000000000000000       
1040001300011T 060000000838500000000  9000000000000010826100000000000000020032011000000000018576000015760000000000000000          090000000000000000                                                  000000000000161020101                     
1040001300012U 06000000000000000000000000001486000000000000000000000000000000000000000017090000000000017090000000000000000000000000000000110320111403201100001403201100000000000000000000000000000000000000000000000000000000000000000000       
1040001300013T 280000000838500000000                     0               00000000000000000000000000000000                         000000000000000000                                                  0000000000000780000000000                 
1040001300014U 280000000000000000000000000000000000000000000000000000000000000000000000000000000000000000000000000000000000000000000000001103201100000000000011032011000000000000000                              000                           
10400015         00001600000000000000000000000000000000000000000000000000000000000000000000000000000000000000000000                                                                                                                             
10499999         000001000018                                                                                                                                                                                                                   
