10400000         2023354550001930000000000000000000001521008385000000000CENTRO DE FORMACAO DE ENFERMAGC ECON FEDERAL                          21003201102114200044304000000                    RETORNO-PRODUCAO                  000            
10400011T0100030 20023354550001930000000000000000000001521008385000000000CENTRO DE FORMACAO DE ENFERMAG                                                                                00000443100320110000000000                          00   
1040001300001T 060000000838500000000  9000000000000010249100000000000000020032011000000000020500000016490000000000000000          090000000000000000                                                  000000000000320030100                     
1040001300002U 06000000000000000000000000004715000000000000000000000000000000000000000015785000000000015785000000000000000000000000000000100320111003201100001003201100000000000000000000000000000000000000000000000000000000000000000000       
1040001300003T 060000000838500000000   1400000000020865871               10032011000000000018576000015760                         090000000000000000                                                  000000000000161020101                     
1040001300004U 06000000000000000000000000000929000000000000000000000000000000000000000017647000000000017647000000000000000000000000000000100320111103201100001103201100000000000000000000000000000000000000000000000000000000000000000000       
1040001300005T 060000000838500000000   1400000000020965311               10032011000000000017820001029530                         090000000000000000                                                  000000000000326040101                     
1040001300006U 06000000000000000000000000001426000000000000000000000000000000000000000016394000000000016394000000000000000000000000000000100320111103201100001103201100000000000000000000000000000000000000000000000000000000000000000000       
1040001300007T 060000000838500000000   1400000000021005041               10032011000000000017820000031200                         090000000000000000                                                  000000000000161020101                     
1040001300008U 06000000000000000000000000001426000000000000000000000000000000000000000016394000000000016394000000000000000000000000000000100320111103201100001103201100000000000000000000000000000000000000000000000000000000000000000000       
1040001300009T 060000000838500000000   1400000000021219431               10032011000000000018576001016130                         090000000000000000                                                  000000000000326040101                     
1040001300010U 06000000000000000000000000000929000000000000000000000000000000000000000017647000000000017647000000000000000000000000000000100320111103201100001103201100000000000000000000000000000000000000000000000000000000000000000000       
1040001300011T 060000000838500000000   1400000000021339841               10032011000000000017820000015210                         090000000000000000                                                  000000000000161020101                     
1040001300012U 06000000000000000000000000000891000000000000000000000000000000000000000016929000000000016929000000000000000000000000000000100320111103201100001103201100000000000000000000000000000000000000000000000000000000000000000000       
1040001300013T 060000000838500000000   1400000000021536831               10032011000000000017820000031200                         090000000000000000                                                  000000000000161020101                     
1040001300014U 06000000000000000000000000000891000000000000000000000000000000000000000016929000000000016929000000000000000000000000000000100320111103201100001103201100000000000000000000000000000000000000000000000000000000000000000000       
1040001300015T 060000000838500000000   1400000000021602051               28022011000000000018500000020630                         090000000000000000                                                  000000000000161020101                     
1040001300016U 06000000000000000000000000000000000000000000000000000000000000000000000018500000000000018500000000000000000000000000000000100320111103201100001103201100000000000000000000000000000000000000000000000000000000000000000000       
1040001300017T 060000000838500000000   1400000000021615461               10032011000000000018500237011670                         090000000000000000                                                  000000000000326040101                     
1040001300018U 06000000000000000000000000001480000000000000000000000000000000000000000017020000000000017020000000000000000000000000000000100320111103201100001103201100000000000000000000000000000000000000000000000000000000000000000000       
1040001300019T 060000000838500000000   1400000000021680281               10032011000000000017820000015210                         090000000000000000                                                  000000000000161020101                     
1040001300020U 06000000000000000000000000002673000000000000000000000000000000000000000015147000000000015147000000000000000000000000000000100320111103201100001103201100000000000000000000000000000000000000000000000000000000000000000000       
1040001300021T 060000000838500000000   1400000000021719321               10032011000000000020500000000270                         090000000000000000                                                  000000000000161020101                     
1040001300022U 06000000000000000000000000001640000000000000000000000000000000000000000018860000000000018860000000000000000000000000000000100320111103201100001103201100000000000000000000000000000000000000000000000000000000000000000000       
1040001300023T 060000000838500000000   1400000000021732771               10032011000000000015000001056750                         090000000000000000                                                  000000000000326040101                     
1040001300024U 06000000000000000000000000002250000000000000000000000000000000000000000012750000000000012750000000000000000000000000000000100320111103201100001103201100000000000000000000000000000000000000000000000000000000000000000000       
1040001300025T 060000000838500000000   1400000000021963311               10032011000000000018500000016490                         090000000000000000                                                  000000000000161020101                     
1040001300026U 06000000000000000000000000002775000000000000000000000000000000000000000015725000000000015725000000000000000000000000000000100320111103201100001103201100000000000000000000000000000000000000000000000000000000000000000000       
1040001300027T 060000000838500000000   1400000000022023821               20032011000000000020500000014130                         090000000000000000                                                  000000000000149060101                     
1040001300028U 06000000000000000000000000001640000000000000000000000000000000000000000018860000000000018860000000000000000000000000000000100320111103201100001103201100000000000000000000000000000000000000000000000000000000000000000000       
1040001300029T 060000000838500000000   1400000000022316411               10032011000000000018576001029530                         090000000000000000                                                  000000000000326040101                     
1040001300030U 06000000000000000000000000001858000000000000000000000000000000000000000016718000000000016718000000000000000000000000000000100320111103201100001103201100000000000000000000000000000000000000000000000000000000000000000000       
1040001300031T 060000000838500000000   1400000000022500341               10032011000000000023000000017390                         090000000000000000                                                  000000000000161020101                     
1040001300032U 06000000000000000000000000001840000000000000000000000000000000000000000021160000000000021160000000000000000000000000000000100320111103201100001103201100000000000000000000000000000000000000000000000000000000000000000000       
1040001300033T 060000000838500000000   1400000000022722161               10032011000000000019224001014140                         090000000000000000                                                  000000000000326040101                     
1040001300034U 06000000000000000000000000000000000000000000000000000000000000000000000019224000000000019224000000000000000000000000000000100320111103201100001103201100000000000000000000000000000000000000000000000000000000000000000000       
1040001300035T 060000000838500000000   1400000000022869261               10032011000000000020500000014130                         090000000000000000                                                  000000000000161020101                     
1040001300036U 06000000000000000000000000004715000000000000000000000000000000000000000015785000000000015785000000000000000000000000000000100320111103201100001103201100000000000000000000000000000000000000000000000000000000000000000000       
1040001300037T 060000000838500000000   1400000000022932721               10032011000000000018576000013070                         090000000000000000                                                  000000000000161020101                     
1040001300038U 06000000000000000000000000002229000000000000000000000000000000000000000016347000000000016347000000000000000000000000000000100320111103201100001103201100000000000000000000000000000000000000000000000000000000000000000000       
1040001300039T 060000000838500000000   1400000000022939061               10032011000000000017820341088050                         090000000000000000                                                  000000000000326040101                     
1040001300040U 06000000000000000000000000001426000000000000000000000000000000000000000016394000000000016394000000000000000000000000000000100320111103201100001103201100000000000000000000000000000000000000000000000000000000000000000000       
1040001300041T 060000000838500000000   1400000000022966701               10032011000000000018576000000270                         090000000000000000                                                  000000000000161020101                     
1040001300042U 06000000000000000000000000001486000000000000000000000000000000000000000017090000000000017090000000000000000000000000000000100320111103201100001103201100000000000000000000000000000000000000000000000000000000000000000000       
1040001300043T 060000000838500000000   1400000000022986651               10032011000000000015000000014130                         090000000000000000                                                  000000000000161020101                     
1040001300044U 06000000000000000000000000001200000000000000000000000000000000000000000013800000000000013800000000000000000000000000000000100320111103201100001103201100000000000000000000000000000000000000000000000000000000000000000000       
1040001300045T 060000000838500000000  9000000000000003382100000000000000010032011000000000015000001016380000000000000000          090000000000000000                                                  000000000000326040101                     
1040001300046U 06000000000000000000000000002250000000000000000000000000000000000000000012750000000000012750000000000000000000000000000000100320111103201100001103201100000000000000000000000000000000000000000000000000000000000000000000       
1040001300047T 060000000838500000000  9000000000000003854100000000000000020032011000000000015000000015760000000000000000          090000000000000000                                                  000000000000161020101                     
1040001300048U 06000000000000000000000000001800000000000000000000000000000000000000000013200000000000013200000000000000000000000000000000100320111103201100001103201100000000000000000000000000000000000000000000000000000000000000000000       
1040001300049T 060000000838500000000  9000000000000007418100000000000000010032011000000000018576341056090000000000000000          090000000000000000                                                  000000000000326040101                     
1040001300050U 06000000000000000000000000000000000000000000000000000000000000000000000018576000000000018576000000000000000000000000000000100320111103201100001103201100000000000000000000000000000000000000000000000000000000000000000000       
1040001300051T 060000000838500000000  9000000000000007663100000000000000030032011000000000020500000000270000000000000000          090000000000000000                                                  000000000000161020101                     
1040001300052U 06000000000000000000000000001640000000000000000000000000000000000000000018860000000000018860000000000000000000000000000000100320111103201100001103201100000000000000000000000000000000000000000000000000000000000000000000       
1040001300053T 060000000838500000000  9000000000000009097100000000000000010032011000000000018576001016390000000000000000          090000000000000000                                                  000000000000326040101                     
1040001300054U 06000000000000000000000000001486000000000000000000000000000000000000000017090000000000017090000000000000000000000000000000100320111103201100001103201100000000000000000000000000000000000000000000000000000000000000000000       
1040001300055T 060000000838500000000  9000000000000009178100000000000000010032011000000000018576000017390000000000000000          090000000000000000                                                  000000000000161020101                     
1040001300056U 06000000000000000000000000001486000000000000000000000000000000000000000017090000000000017090000000000000000000000000000000100320111103201100001103201100000000000000000000000000000000000000000000000000000000000000000000       
1040001300057T 060000000838500000000  9000000000000009216100000000000000010032011000000000018576000017390000000000000000          090000000000000000                                                  000000000000161020101                     
1040001300058U 06000000000000000000000000001486000000000000000000000000000000000000000017090000000000017090000000000000000000000000000000100320111103201100001103201100000000000000000000000000000000000000000000000000000000000000000000       
1040001300059T 280000000838500000000                     0               00000000000000000000000000000000                         000000000000000000                                                  0000000000005460000000000                 
1040001300060U 280000000000000000000000000000000000000000000000000000000000000000000000000000000000000000000000000000000000000000000000001003201100000000000010032011000000000000000                              000                           
10400015         00006200000000000000000000000000000000000000000000000000000000000000000000000000000000000000000000                                                                                                                             
10499999         000001000064                                                                                                                                                                                                                   
