10400000         2023354550001930000000000000000000001521008385000000000CENTRO DE FORMACAO DE ENFERMAGC ECON FEDERAL                          21403201102390300044504000000                    RETORNO-PRODUCAO                  000            
10400011T0100030 20023354550001930000000000000000000001521008385000000000CENTRO DE FORMACAO DE ENFERMAG                                                                                00000445140320110000000000                          00   
1040001300001T 060000000838500000000   1400000000021193611               10032011000000000019224000016490                         090000000000000000                                                  000000000000161020101                     
1040001300002U 06000000000000652000000000000000000000000000000000000000000000000000000019876000000000019876000000000000000000000000000000140320111503201100001503201100000000000000000000000000000000000000000000000000000000000000000000       
1040001300003T 060000000838500000000   1400000000022319511               20032011000000000018576000014130                         090000000000000000                                                  000000000000161020101                     
1040001300004U 06000000000000000000000000000929000000000000000000000000000000000000000017647000000000017647000000000000000000000000000000140320111503201100001503201100000000000000000000000000000000000000000000000000000000000000000000       
1040001300005T 060000000838500000000   1400000000022624151               20032011000000000018576000015760                         090000000000000000                                                  000000000000161020101                     
1040001300006U 06000000000000000000000000001486000000000000000000000000000000000000000017090000000000017090000000000000000000000000000000140320111503201100001503201100000000000000000000000000000000000000000000000000000000000000000000       
1040001300007T 060000000838500000000   1400000000022957471               31032011000000000018576001014140                         090000000000000000                                                  000000000000326040101                     
1040001300008U 06000000000000000000000000002229000000000000000000000000000000000000000016347000000000016347000000000000000000000000000000140320111503201100001503201100000000000000000000000000000000000000000000000000000000000000000000       
1040001300009T 060000000838500000000   1400000000022986061               20032011000000000015000237021210                         090000000000000000                                                  000000000000326040101                     
1040001300010U 06000000000000000000000000001800000000000000000000000000000000000000000013200000000000013200000000000000000000000000000000140320111503201100001503201100000000000000000000000000000000000000000000000000000000000000000000       
1040001300011T 060000000838500000000   1400000000023003761               20032011000000000018576000000270                         090000000000000000                                                  000000000000161020101                     
1040001300012U 06000000000000000000000000001486000000000000000000000000000000000000000017090000000000017090000000000000000000000000000000140320111503201100001503201100000000000000000000000000000000000000000000000000000000000000000000       
1040001300013T 060000000838500000000   1400000000023593381               31032011000000000020062000015210                         090000000000000000                                                  000000000000161020101                     
1040001300014U 06000000000000000000000000001605000000000000000000000000000000000000000018457000000000018457000000000000000000000000000000140320111503201100001503201100000000000000000000000000000000000000000000000000000000000000000000       
1040001300015T 280000000838500000000                     0               00000000000000000000000000000000                         000000000000000000                                                  0000000000001820000000000                 
1040001300016U 280000000000000000000000000000000000000000000000000000000000000000000000000000000000000000000000000000000000000000000000001403201100000000000014032011000000000000000                              000                           
10400015         00001800000000000000000000000000000000000000000000000000000000000000000000000000000000000000000000                                                                                                                             
10499999         000001000020                                                                                                                                                                                                                   
