10400000         2023354550001930000000000000000000001521008385000000000CENTRO DE FORMACAO DE ENFERMAGC ECON FEDERAL                          21503201102155000044604000000                    RETORNO-PRODUCAO                  000            
10400011T0100030 20023354550001930000000000000000000001521008385000000000CENTRO DE FORMACAO DE ENFERMAG                                                                                00000446150320110000000000                          00   
1040001300001T 060000000838500000000   1400000000022017851               31032011000000000020500000016490                         090000000000000000                                                  000000000000320030100                     
1040001300002U 06000000000000000000000000001640000000000000000000000000000000000000000018860000000000018860000000000000000000000000000000150320111503201100001503201100000000000000000000000000000000000000000000000000000000000000000000       
1040001300003T 060000000838500000000   1400000000020925101               31032011000000000018576000017390                         090000000000000000                                                  000000000000161020101                     
1040001300004U 06000000000000000000000000001486000000000000000000000000000000000000000017090000000000017090000000000000000000000000000000150320111603201100001603201100000000000000000000000000000000000000000000000000000000000000000000       
1040001300005T 060000000838500000000   1400000000022283651               20022011000000000019224000031200                         090000000000000000                                                  000000000000161020101                     
1040001300006U 06000000000000000000000000000000000000000000000000000000000000000000000019224000000000019224000000000000000000000000000000150320111603201100001603201100000000000000000000000000000000000000000000000000000000000000000000       
1040001300007T 060000000838500000000  9000000000000006799100000000000000020032011000000000018576000032730000000000000000          090000000000000000                                                  000000000000161020101                     
1040001300008U 06000000000000000000000000001486000000000000000000000000000000000000000017090000000000017090000000000000000000000000000000150320111603201100001603201100000000000000000000000000000000000000000000000000000000000000000000       
1040001300009T 060000000838500000000  9000000000000007434100000000000000020032011000000000017820000015760000000000000000          090000000000000000                                                  000000000000161020101                     
1040001300010U 06000000000000000000000000002673000000000000000000000000000000000000000015147000000000015147000000000000000000000000000000150320111603201100001603201100000000000000000000000000000000000000000000000000000000000000000000       
1040001300011T 280000000838500000000                     0               00000000000000000000000000000000                         000000000000000000                                                  0000000000000780000000000                 
1040001300012U 280000000000000000000000000000000000000000000000000000000000000000000000000000000000000000000000000000000000000000000000001503201100000000000015032011000000000000000                              000                           
10400015         00001400000000000000000000000000000000000000000000000000000000000000000000000000000000000000000000                                                                                                                             
10499999         000001000016                                                                                                                                                                                                                   
