10400000         2023354550001930000000000000000000001521008385000000000CENTRO DE FORMACAO DE ENFERMAGC ECON FEDERAL                          21603201102022700044704000000                    RETORNO-PRODUCAO                  000            
10400011T0100030 20023354550001930000000000000000000001521008385000000000CENTRO DE FORMACAO DE ENFERMAG                                                                                00000447160320110000000000                          00   
1040001300001T 060000000838500000000   1400000000021080841               10022011000000000018576000032730                         090000000000000000                                                  000000000000161020101                     
1040001300002U 06000000000000000000000000000000000000000000000000000000000000000000000018576000000000018576000000000000000000000000000000160320111703201100001703201100000000000000000000000000000000000000000000000000000000000000000000       
1040001300003T 060000000838500000000   1400000000021080921               10032011000000000018576000032730                         090000000000000000                                                  000000000000161020101                     
1040001300004U 06000000000000000000000000000000000000000000000000000000000000000000000018576000000000018576000000000000000000000000000000160320111703201100001703201100000000000000000000000000000000000000000000000000000000000000000000       
1040001300005T 060000000838500000000   1400000000021164001               20032011000000000019224000000270                         090000000000000000                                                  000000000000161020101                     
1040001300006U 06000000000000000000000000000961000000000000000000000000000000000000000018263000000000018263000000000000000000000000000000160320111703201100001703201100000000000000000000000000000000000000000000000000000000000000000000       
1040001300007T 060000000838500000000   1400000000021224431               10032011000000000018576000014130                         090000000000000000                                                  000000000000161020101                     
1040001300008U 06000000000000761000000000000000000000000000000000000000000000000000000019337000000000019337000000000000000000000000000000160320111703201100001703201100000000000000000000000000000000000000000000000000000000000000000000       
1040001300009T 060000000838500000000   1400000000022239911               20032011000000000020062000039580                         090000000000000000                                                  000000000000161020101                     
1040001300010U 06000000000000000000000000001605000000000000000000000000000000000000000018457000000000018457000000000000000000000000000000160320111703201100001703201100000000000000000000000000000000000000000000000000000000000000000000       
1040001300011T 060000000838500000000   1400000000022240091               20042011000000000020062000039580                         090000000000000000                                                  000000000000161020101                     
1040001300012U 06000000000000000000000000001605000000000000000000000000000000000000000018457000000000018457000000000000000000000000000000160320111703201100001703201100000000000000000000000000000000000000000000000000000000000000000000       
1040001300013T 060000000838500000000   1400000000022949101               20032011000000000017820000013070                         090000000000000000                                                  000000000000161020101                     
1040001300014U 06000000000000000000000000001426000000000000000000000000000000000000000016394000000000016394000000000000000000000000000000160320111703201100001703201100000000000000000000000000000000000000000000000000000000000000000000       
1040001300015T 060000000838500000000   1400000000023027601               10032011000000000018576000015760                         090000000000000000                                                  000000000000161020101                     
1040001300016U 06000000000000696000000000000000000000000000000000000000000000000000000019272000000000019272000000000000000000000000000000160320111703201100001703201100000000000000000000000000000000000000000000000000000000000000000000       
1040001300017T 060000000838500000000   1400000000023455231               20032011000000000019900001016120                         090000000000000000                                                  000000000000326040101                     
1040001300018U 06000000000000000000000000002985000000000000000000000000000000000000000016915000000000016915000000000000000000000000000000160320111703201100001703201100000000000000000000000000000000000000000000000000000000000000000000       
1040001300019T 060000000838500000000  9000000000000007833100000000000000010042011000000000020500000017390000000000000000          090000000000000000                                                  000000000000161020101                     
1040001300020U 06000000000000000000000000001640000000000000000000000000000000000000000018860000000000018860000000000000000000000000000000160320111703201100001703201100000000000000000000000000000000000000000000000000000000000000000000       
1040001300021T 060000000838500000000  9000000000000008023100000000000000020032011000000000020500237004080000000000000000          090000000000000000                                                  000000000000326040101                     
1040001300022U 06000000000000000000000000001640000000000000000000000000000000000000000018860000000000018860000000000000000000000000000000160320111703201100001703201100000000000000000000000000000000000000000000000000000000000000000000       
1040001300023T 280000000838500000000                     0               00000000000000000000000000000000                         000000000000000000                                                  0000000000002340000000000                 
1040001300024U 280000000000000000000000000000000000000000000000000000000000000000000000000000000000000000000000000000000000000000000000001603201100000000000016032011000000000000000                              000                           
10400015         00002600000000000000000000000000000000000000000000000000000000000000000000000000000000000000000000                                                                                                                             
10499999         000001000028                                                                                                                                                                                                                   
