10400000         2023354550001930000000000000000000001521008385000000000CENTRO DE FORMACAO DE ENFERMAGC ECON FEDERAL                          21703201102055200044804000000                    RETORNO-PRODUCAO                  000            
10400011T0100030 20023354550001930000000000000000000001521008385000000000CENTRO DE FORMACAO DE ENFERMAG                                                                                00000448170320110000000000                          00   
1040001300001T 060000000838500000000  9000000000000005466100000000000000020032011000000000020500000015760000000000000000          090000000000000000                                                  000000000000320030100                     
1040001300002U 06000000000000000000000000003485000000000000000000000000000000000000000017015000000000017015000000000000000000000000000000170320111703201100001703201100000000000000000000000000000000000000000000000000000000000000000000       
1040001300003T 060000000838500000000  9000000000000009887100000000000000020032011000000000018576000015210000000000000000          090000000000000000                                                  000000000000320030100                     
1040001300004U 06000000000000000000000000003344000000000000000000000000000000000000000015232000000000015232000000000000000000000000000000170320111703201100001703201100000000000000000000000000000000000000000000000000000000000000000000       
1040001300005T 060000000838500000000   1400000000021347001               20032011000000000017820000015760                         090000000000000000                                                  000000000000161020101                     
1040001300006U 06000000000000000000000000000891000000000000000000000000000000000000000016929000000000016929000000000000000000000000000000170320111803201100001803201100000000000000000000000000000000000000000000000000000000000000000000       
1040001300007T 060000000838500000000   1400000000022909581               20032011000000000018576000000270                         090000000000000000                                                  000000000000161020101                     
1040001300008U 06000000000000000000000000001486000000000000000000000000000000000000000017090000000000017090000000000000000000000000000000170320111803201100001803201100000000000000000000000000000000000000000000000000000000000000000000       
1040001300009T 060000000838500000000   1400000000023456201               20032011000000000019900000015770                         090000000000000000                                                  000000000000161020101                     
1040001300010U 06000000000000000000000000002985000000000000000000000000000000000000000016915000000000016915000000000000000000000000000000170320111803201100001803201100000000000000000000000000000000000000000000000000000000000000000000       
1040001300011T 060000000838500000000   1400000000023622821               20032011000000000022140001016130                         090000000000000000                                                  000000000000326040101                     
1040001300012U 06000000000000000000000000001771000000000000000000000000000000000000000020369000000000020369000000000000000000000000000000170320111803201100001803201100000000000000000000000000000000000000000000000000000000000000000000       
1040001300013T 060000000838500000000  9000000000000009518100000000000000020032011000000000018576000017390000000000000000          090000000000000000                                                  000000000000161020101                     
1040001300014U 06000000000000000000000000001486000000000000000000000000000000000000000017090000000000017090000000000000000000000000000000170320111803201100001803201100000000000000000000000000000000000000000000000000000000000000000000       
1040001300015T 060000000838500000000  9000000000000009526100000000000000020042011000000000018576000017390000000000000000          090000000000000000                                                  000000000000161020101                     
1040001300016U 06000000000000000000000000001486000000000000000000000000000000000000000017090000000000017090000000000000000000000000000000170320111803201100001803201100000000000000000000000000000000000000000000000000000000000000000000       
1040001300017T 060000000838500000000  9000000000000009780100000000000000020032011000000000018576000032730000000000000000          090000000000000000                                                  000000000000161020101                     
1040001300018U 06000000000000000000000000003344000000000000000000000000000000000000000015232000000000015232000000000000000000000000000000170320111803201100001803201100000000000000000000000000000000000000000000000000000000000000000000       
1040001300019T 060000000838500000000  9000000000000009941100000000000000020032011000000000018576000013070000000000000000          090000000000000000                                                  000000000000161020101                     
1040001300020U 06000000000000000000000000003344000000000000000000000000000000000000000015232000000000015232000000000000000000000000000000170320111803201100001803201100000000000000000000000000000000000000000000000000000000000000000000       
1040001300021T 060000000838500000000  9000000000000011920100000000000000020032011000000000018576000000270000000000000000          090000000000000000                                                  000000000000161020101                     
1040001300022U 06000000000000000000000000003344000000000000000000000000000000000000000015232000000000015232000000000000000000000000000000170320111803201100001803201100000000000000000000000000000000000000000000000000000000000000000000       
1040001300023T 280000000838500000000                     0               00000000000000000000000000000000                         000000000000000000                                                  0000000000001040000000000                 
1040001300024U 280000000000000000000000000000000000000000000000000000000000000000000000000000000000000000000000000000000000000000000000001703201100000000000017032011000000000000000                              000                           
10400015         00002600000000000000000000000000000000000000000000000000000000000000000000000000000000000000000000                                                                                                                             
10499999         000001000028                                                                                                                                                                                                                   
