10400000         2023354550001930000000000000000000001521008385000000000CENTRO DE FORMACAO DE ENFERMAGC ECON FEDERAL                          21803201101414500044904000000                    RETORNO-PRODUCAO                  000            
10400011T0100030 20023354550001930000000000000000000001521008385000000000CENTRO DE FORMACAO DE ENFERMAG                                                                                00000449180320110000000000                          00   
1040001300001T 060000000838500000000   1400000000021561271               20032011000000000021276000015210                         090000000000000000                                                  000000000000161020101                     
1040001300002U 06000000000000000000000000001064000000000000000000000000000000000000000020212000000000020212000000000000000000000000000000180320112103201100002103201100000000000000000000000000000000000000000000000000000000000000000000       
1040001300003T 060000000838500000000   1400000000022020801               20032011000000000020500000017390                         090000000000000000                                                  000000000000161020101                     
1040001300004U 06000000000000000000000000001640000000000000000000000000000000000000000018860000000000018860000000000000000000000000000000180320112103201100002103201100000000000000000000000000000000000000000000000000000000000000000000       
1040001300005T 060000000838500000000   1400000000022354001               28022011000000000018576000016490                         090000000000000000                                                  000000000000161020101                     
1040001300006U 06000000000001541000000000000000000000000000000000000000000000000000000020117000000000020117000000000000000000000000000000180320112103201100002103201100000000000000000000000000000000000000000000000000000000000000000000       
1040001300007T 060000000838500000000   1400000000022601021               20032011000000000018576000031200                         090000000000000000                                                  000000000000161020101                     
1040001300008U 06000000000000000000000000000929000000000000000000000000000000000000000017647000000000017647000000000000000000000000000000180320112103201100002103201100000000000000000000000000000000000000000000000000000000000000000000       
1040001300009T 060000000838500000000   1400000000022935401               20032011000000000018576000015760                         090000000000000000                                                  000000000000161020101                     
1040001300010U 06000000000000000000000000002229000000000000000000000000000000000000000016347000000000016347000000000000000000000000000000180320112103201100002103201100000000000000000000000000000000000000000000000000000000000000000000       
1040001300011T 060000000838500000000   1400000000022996611               20032011000000000015000000015760                         090000000000000000                                                  000000000000149060101                     
1040001300012U 06000000000000000000000000001800000000000000000000000000000000000000000013200000000000013200000000000000000000000000000000180320112103201100002103201100000000000000000000000000000000000000000000000000000000000000000000       
1040001300013T 060000000838500000000   1400000000023024921               20032011000000000018576000013070                         090000000000000000                                                  000000000000161020101                     
1040001300014U 06000000000000000000000000001486000000000000000000000000000000000000000017090000000000017090000000000000000000000000000000180320112103201100002103201100000000000000000000000000000000000000000000000000000000000000000000       
1040001300015T 060000000838500000000  9000000000000005768100000000000000020032011000000000020500000000270000000000000000          090000000000000000                                                  000000000000161020101                     
1040001300016U 06000000000000000000000000003485000000000000000000000000000000000000000017015000000000017015000000000000000000000000000000180320112103201100002103201100000000000000000000000000000000000000000000000000000000000000000000       
1040001300017T 060000000838500000000  9000000000000007353100000000000000020032011000000000018576000014130000000000000000          090000000000000000                                                  000000000000161020101                     
1040001300018U 06000000000000000000000000003344000000000000000000000000000000000000000015232000000000015232000000000000000000000000000000180320112103201100002103201100000000000000000000000000000000000000000000000000000000000000000000       
1040001300019T 060000000838500000000  9000000000000010842100000000000000020032011000000000018576000014050000000000000000          090000000000000000                                                  000000000000161020101                     
1040001300020U 06000000000000000000000000001486000000000000000000000000000000000000000017090000000000017090000000000000000000000000000000180320112103201100002103201100000000000000000000000000000000000000000000000000000000000000000000       
1040001300021T 060000000838500000000  9000000000000011571100000000000000020032011000000000020500000015210000000000000000          090000000000000000                                                  000000000000161020101                     
1040001300022U 06000000000000000000000000001640000000000000000000000000000000000000000018860000000000018860000000000000000000000000000000180320112103201100002103201100000000000000000000000000000000000000000000000000000000000000000000       
1040001300023T 280000000838500000000                     0               00000000000000000000000000000000                         000000000000000000                                                  0000000000001820000000000                 
1040001300024U 280000000000000000000000000000000000000000000000000000000000000000000000000000000000000000000000000000000000000000000000001803201100000000000018032011000000000000000                              000                           
10400015         00002600000000000000000000000000000000000000000000000000000000000000000000000000000000000000000000                                                                                                                             
10499999         000001000028                                                                                                                                                                                                                   
