10400000         2023354550001930000000000000000000001521008385000000000CENTRO DE FORMACAO DE ENFERMAGC ECON FEDERAL                          22103201102393200045004000000                    RETORNO-PRODUCAO                  000            
10400011T0100030 20023354550001930000000000000000000001521008385000000000CENTRO DE FORMACAO DE ENFERMAG                                                                                00000450210320110000000000                          00   
1040001300001T 060000000838500000000  9000000000000000081100000000000000020032011000000000020500000006710000000000000000          090000000000000000                                                  000000000000320030100                     
1040001300002U 06000000000000000000000000003485000000000000000000000000000000000000000017015000000000017015000000000000000000000000000000210320112103201100002103201100000000000000000000000000000000000000000000000000000000000000000000       
1040001300003T 060000000838500000000   1400000000020334241               28022011000000000018500000032730                         090000000000000000                                                  000000000000161020101                     
1040001300004U 06000000000001735000000000000000000000000000000000000000000000000000000020235000000000020235000000000000000000000000000000210320112203201100002203201100000000000000000000000000000000000000000000000000000000000000000000       
1040001300005T 060000000838500000000   1400000000020431871               20022011000000000018576000015210                         090000000000000000                                                  000000000000161020101                     
1040001300006U 06000000000000000000000000000000000000000000000000000000000000000000000018576000000000018576000000000000000000000000000000210320112203201100002203201100000000000000000000000000000000000000000000000000000000000000000000       
1040001300007T 060000000838500000000   1400000000021012761               20032011000000000017820001036490                         090000000000000000                                                  000000000000326040101                     
1040001300008U 06000000000000000000000000001426000000000000000000000000000000000000000016394000000000016394000000000000000000000000000000210320112203201100002203201100000000000000000000000000000000000000000000000000000000000000000000       
1040001300009T 060000000838500000000   1400000000021213311               20032011000000000018576000031200                         090000000000000000                                                  000000000000161020101                     
1040001300010U 06000000000000000000000000000929000000000000000000000000000000000000000017647000000000017647000000000000000000000000000000210320112203201100002203201100000000000000000000000000000000000000000000000000000000000000000000       
1040001300011T 060000000838500000000   1400000000021423551               20032011000000000018500000015760                         090000000000000000                                                  000000000000161020101                     
1040001300012U 06000000000000000000000000002775000000000000000000000000000000000000000015725000000000015725000000000000000000000000000000210320112203201100002203201100000000000000000000000000000000000000000000000000000000000000000000       
1040001300013T 060000000838500000000   1400000000021539931               20032011000000000017820000015760                         090000000000000000                                                  000000000000161020101                     
1040001300014U 06000000000000000000000000000890000000000000000000000000000000000000000016930000000000016930000000000000000000000000000000210320112203201100002203201100000000000000000000000000000000000000000000000000000000000000000000       
1040001300015T 060000000838500000000   1400000000021953861               20032011000000000018500000016490                         090000000000000000                                                  000000000000161020101                     
1040001300016U 06000000000000000000000000002775000000000000000000000000000000000000000015725000000000015725000000000000000000000000000000210320112203201100002203201100000000000000000000000000000000000000000000000000000000000000000000       
1040001300017T 060000000838500000000   1400000000021954831               20032011000000000018500001029530                         090000000000000000                                                  000000000000326040101                     
1040001300018U 06000000000000000000000000002775000000000000000000000000000000000000000015725000000000015725000000000000000000000000000000210320112203201100002203201100000000000000000000000000000000000000000000000000000000000000000000       
1040001300019T 060000000838500000000   1400000000021983771               30032011000000000020500000000270                         090000000000000000                                                  000000000000161020101                     
1040001300020U 06000000000000000000000000001640000000000000000000000000000000000000000018860000000000018860000000000000000000000000000000210320112203201100002203201100000000000000000000000000000000000000000000000000000000000000000000       
1040001300021T 060000000838500000000   1400000000022277411               20032011000000000019246000017390                         090000000000000000                                                  000000000000161020101                     
1040001300022U 06000000000000000000000000002887000000000000000000000000000000000000000016359000000000016359000000000000000000000000000000210320112203201100002203201100000000000000000000000000000000000000000000000000000000000000000000       
1040001300023T 060000000838500000000   1400000000022302111               28022011000000000017820000017390                         090000000000000000                                                  000000000000161020101                     
1040001300024U 06000000000001658000000000000000000000000000000000000000000000000000000019478000000000019478000000000000000000000000000000210320112203201100002203201100000000000000000000000000000000000000000000000000000000000000000000       
1040001300025T 060000000838500000000   1400000000022855981               20032011000000000020500000000270                         090000000000000000                                                  000000000000161020101                     
1040001300026U 06000000000000000000000000004715000000000000000000000000000000000000000015785000000000015785000000000000000000000000000000210320112203201100002203201100000000000000000000000000000000000000000000000000000000000000000000       
1040001300027T 060000000838500000000   1400000000022924031               20032011000000000017820000015760                         090000000000000000                                                  000000000000161020101                     
1040001300028U 06000000000000000000000000001426000000000000000000000000000000000000000016394000000000016394000000000000000000000000000000210320112203201100002203201100000000000000000000000000000000000000000000000000000000000000000000       
1040001300029T 060000000838500000000   1400000000022938171               31032011000000000017820000015210                         090000000000000000                                                  000000000000161020101                     
1040001300030U 06000000000000000000000000001426000000000000000000000000000000000000000016394000000000016394000000000000000000000000000000210320112203201100002203201100000000000000000000000000000000000000000000000000000000000000000000       
1040001300031T 060000000838500000000   1400000000022991141               31032011000000000015000237026170                         090000000000000000                                                  000000000000326040101                     
1040001300032U 06000000000000000000000000001200000000000000000000000000000000000000000013800000000000013800000000000000000000000000000000210320112203201100002203201100000000000000000000000000000000000000000000000000000000000000000000       
1040001300033T 060000000838500000000   1400000000023327401               20032011000000000021276000015210                         090000000000000000                                                  000000000000161020101                     
1040001300034U 06000000000000000000000000001064000000000000000000000000000000000000000020212000000000020212000000000000000000000000000000210320112203201100002203201100000000000000000000000000000000000000000000000000000000000000000000       
1040001300035T 060000000838500000000   1400000000023455821               20032011000000000019900000016490                         090000000000000000                                                  000000000000161020101                     
1040001300036U 06000000000000000000000000002985000000000000000000000000000000000000000016915000000000016915000000000000000000000000000000210320112203201100002203201100000000000000000000000000000000000000000000000000000000000000000000       
1040001300037T 060000000838500000000   1400000000023508701               20032011000000000019900000014130                         090000000000000000                                                  000000000000161020101                     
1040001300038U 06000000000000000000000000001592000000000000000000000000000000000000000018308000000000018308000000000000000000000000000000210320112203201100002203201100000000000000000000000000000000000000000000000000000000000000000000       
1040001300039T 060000000838500000000   1400000000023515401               20032011000000000019900000013070                         090000000000000000                                                  000000000000161020101                     
1040001300040U 06000000000000000000000000001592000000000000000000000000000000000000000018308000000000018308000000000000000000000000000000210320112203201100002203201100000000000000000000000000000000000000000000000000000000000000000000       
1040001300041T 060000000838500000000   1400000000023522101               20032011000000000019900000015760                         090000000000000000                                                  000000000000161020101                     
1040001300042U 06000000000000000000000000001592000000000000000000000000000000000000000018308000000000018308000000000000000000000000000000210320112203201100002203201100000000000000000000000000000000000000000000000000000000000000000000       
1040001300043T 060000000838500000000   1400000000023528721               20032011000000000019900237013190                         090000000000000000                                                  000000000000326040101                     
1040001300044U 06000000000000000000000000001592000000000000000000000000000000000000000018308000000000018308000000000000000000000000000000210320112203201100002203201100000000000000000000000000000000000000000000000000000000000000000000       
1040001300045T 060000000838500000000   1400000000023619521               20032011000000000022140000015760                         090000000000000000                                                  000000000000161020101                     
1040001300046U 06000000000000000000000000001771000000000000000000000000000000000000000020369000000000020369000000000000000000000000000000210320112203201100002203201100000000000000000000000000000000000000000000000000000000000000000000       
1040001300047T 060000000838500000000   1400000000023627201               20032011000000000022140001029530                         090000000000000000                                                  000000000000326040101                     
1040001300048U 06000000000000000000000000001771000000000000000000000000000000000000000020369000000000020369000000000000000000000000000000210320112203201100002203201100000000000000000000000000000000000000000000000000000000000000000000       
1040001300049T 060000000838500000000  9000000000000007914100000000000000020032011000000000020500000016490000000000000000          090000000000000000                                                  000000000000161020101                     
1040001300050U 06000000000000000000000000001640000000000000000000000000000000000000000018860000000000018860000000000000000000000000000000210320112203201100002203201100000000000000000000000000000000000000000000000000000000000000000000       
1040001300051T 060000000838500000000  9000000000000008260100000000000000020032011000000000020500000013070000000000000000          090000000000000000                                                  000000000000161020101                     
1040001300052U 06000000000000000000000000001640000000000000000000000000000000000000000018860000000000018860000000000000000000000000000000210320112203201100002203201100000000000000000000000000000000000000000000000000000000000000000000       
1040001300053T 060000000838500000000  9000000000000008899100000000000000020032011000000000018576001016390000000000000000          090000000000000000                                                  000000000000326040101                     
1040001300054U 06000000000000000000000000005573000000000000000000000000000000000000000013003000000000013003000000000000000000000000000000210320112203201100002203201100000000000000000000000000000000000000000000000000000000000000000000       
1040001300055T 060000000838500000000  9000000000000009232100000000000000020032011000000000018576000017390000000000000000          090000000000000000                                                  000000000000161020101                     
1040001300056U 06000000000000000000000000001486000000000000000000000000000000000000000017090000000000017090000000000000000000000000000000210320112203201100002203201100000000000000000000000000000000000000000000000000000000000000000000       
1040001300057T 060000000838500000000  9000000000000011253100000000000000010032011000000000018576000017390000000000000000          090000000000000000                                                  000000000000161020101                     
1040001300058U 06000000000001039000000000000000000000000000000000000000000000000000000019615000000000019615000000000000000000000000000000210320112203201100002203201100000000000000000000000000000000000000000000000000000000000000000000       
1040001300059T 280000000838500000000                     0               00000000000000000000000000000000                         000000000000000000                                                  0000000000005980000000000                 
1040001300060U 280000000000000000000000000000000000000000000000000000000000000000000000000000000000000000000000000000000000000000000000002103201100000000000021032011000000000000000                              000                           
10400015         00006200000000000000000000000000000000000000000000000000000000000000000000000000000000000000000000                                                                                                                             
10499999         000001000064                                                                                                                                                                                                                   
