10400000         2023354550001930000000000000000000001521008385000000000CENTRO DE FORMACAO DE ENFERMAGC ECON FEDERAL                          22403201101561700045204000000                    RETORNO-PRODUCAO                  000            
10400011T0100030 20023354550001930000000000000000000001521008385000000000CENTRO DE FORMACAO DE ENFERMAG                                                                                00000452240320110000000000                          00   
1040001300001T 060000000838500000000   1400000000021217571               10042011000000000005520000016490                         090000000000000000                                                  000000000000161020101                     
1040001300002U 06000000000000000000000000000276000000000000000000000000000000000000000005244000000000005244000000000000000000000000000000240320112503201100002503201100000000000000000000000000000000000000000000000000000000000000000000       
1040001300003T 060000000838500000000  9000000000000009658100000000000000030032011000000000018576000015210000000000000000          090000000000000000                                                  000000000000161020101                     
1040001300004U 06000000000000000000000000003345000000000000000000000000000000000000000015231000000000015231000000000000000000000000000000240320112503201100002503201100000000000000000000000000000000000000000000000000000000000000000000       
1040001300005T 060000000838500000000  9000000000000011970100000000000000030032011000000000015000237011680000000000000000          090000000000000000                                                  000000000000326040101                     
1040001300006U 06000000000000000000000000001800000000000000000000000000000000000000000013200000000000013200000000000000000000000000000000240320112503201100002503201100000000000000000000000000000000000000000000000000000000000000000000       
1040001300007T 280000000838500000000                     0               00000000000000000000000000000000                         000000000000000000                                                  0000000000000260000000000                 
1040001300008U 280000000000000000000000000000000000000000000000000000000000000000000000000000000000000000000000000000000000000000000000002403201100000000000024032011000000000000000                              000                           
10400015         00001000000000000000000000000000000000000000000000000000000000000000000000000000000000000000000000                                                                                                                             
10499999         000001000012                                                                                                                                                                                                                   
