10400000         2023354550001930000000000000000000001521008385000000000CENTRO DE FORMACAO DE ENFERMAGC ECON FEDERAL                          22903201101273000045504000000                    RETORNO-PRODUCAO                  000            
10400011T0100030 20023354550001930000000000000000000001521008385000000000CENTRO DE FORMACAO DE ENFERMAG                                                                                00000455290320110000000000                          00   
1040001300001T 060000000838500000000  9000000000000005016100000000000000010032011000000000020500000015760000000000000000          090000000000000000                                                  000000000000320030100                     
1040001300002U 06000000000001702000000000000000000000000000000000000000000000000000000022202000000000022202000000000000000000000000000000290320112903201100002903201100000000000000000000000000000000000000000000000000000000000000000000       
1040001300003T 060000000838500000000   1400000000021677301               10042011000000000017820000039580                         090000000000000000                                                  000000000000161020101                     
1040001300004U 06000000000000000000000000002673000000000000000000000000000000000000000015147000000000015147000000000000000000000000000000290320113003201100003003201100000000000000000000000000000000000000000000000000000000000000000000       
1040001300005T 060000000838500000000  9000000000000004915100000000000000030032011000000000020500000014130000000000000000          090000000000000000                                                  000000000000161020101                     
1040001300006U 06000000000000000000000000003485000000000000000000000000000000000000000017015000000000017015000000000000000000000000000000290320113003201100003003201100000000000000000000000000000000000000000000000000000000000000000000       
1040001300007T 060000000838500000000  9000000000000005075100000000000000010042011000000000020500000015210000000000000000          090000000000000000                                                  000000000000161020101                     
1040001300008U 06000000000000000000000000003485000000000000000000000000000000000000000017015000000000017015000000000000000000000000000000290320113003201100003003201100000000000000000000000000000000000000000000000000000000000000000000       
1040001300009T 280000000838500000000                     0               00000000000000000000000000000000                         000000000000000000                                                  0000000000000260000000000                 
1040001300010U 280000000000000000000000000000000000000000000000000000000000000000000000000000000000000000000000000000000000000000000000002903201100000000000029032011000000000000000                              000                           
10400015         00001200000000000000000000000000000000000000000000000000000000000000000000000000000000000000000000                                                                                                                             
10499999         000001000014                                                                                                                                                                                                                   
