10400000         2023354550001930000000000000000000001521008385000000000CENTRO DE FORMACAO DE ENFERMAGC ECON FEDERAL                          23003201101482900045604000000                    RETORNO-PRODUCAO                  000            
10400011T0100030 20023354550001930000000000000000000001521008385000000000CENTRO DE FORMACAO DE ENFERMAG                                                                                00000456300320110000000000                          00   
1040001300001T 060000000838500000000   1400000000020851571               31032011000000000018576000017390                         090000000000000000                                                  000000000000161020101                     
1040001300002U 06000000000000000000000000000929000000000000000000000000000000000000000017647000000000017647000000000000000000000000000000300320113103201100003103201100000000000000000000000000000000000000000000000000000000000000000000       
1040001300003T 060000000838500000000   1400000000020854671               31032011000000000018576000031200                         090000000000000000                                                  000000000000161020101                     
1040001300004U 06000000000000000000000000000929000000000000000000000000000000000000000017647000000000017647000000000000000000000000000000300320113103201100003103201100000000000000000000000000000000000000000000000000000000000000000000       
1040001300005T 060000000838500000000   1400000000021981721               31032011000000000020500001029530                         090000000000000000                                                  000000000000326040101                     
1040001300006U 06000000000000000000000000001640000000000000000000000000000000000000000018860000000000018860000000000000000000000000000000300320113103201100003103201100000000000000000000000000000000000000000000000000000000000000000000       
1040001300007T 060000000838500000000   1400000000022286751               10042011000000000019246000039580                         090000000000000000                                                  000000000000161020101                     
1040001300008U 06000000000000000000000000002887000000000000000000000000000000000000000016359000000000016359000000000000000000000000000000300320113103201100003103201100000000000000000000000000000000000000000000000000000000000000000000       
1040001300009T 060000000838500000000   1400000000022349421               20032011000000000018576000015760                         090000000000000000                                                  000000000000161020101                     
1040001300010U 06000000000000968000000000000000000000000000000000000000000000000000000019544000000000019544000000000000000000000000000000300320113103201100003103201100000000000000000000000000000000000000000000000000000000000000000000       
1040001300011T 060000000838500000000   1400000000022930941               31032011000000000017820000015210                         090000000000000000                                                  000000000000161020101                     
1040001300012U 06000000000000000000000000000000000000000000000000000000000000000000000017820000000000017820000000000000000000000000000000300320113103201100003103201100000000000000000000000000000000000000000000000000000000000000000000       
1040001300013T 060000000838500000000   1400000000022975701               31032011000000000015000000015760                         090000000000000000                                                  000000000000161020101                     
1040001300014U 06000000000000000000000000001200000000000000000000000000000000000000000013800000000000013800000000000000000000000000000000300320113103201100003103201100000000000000000000000000000000000000000000000000000000000000000000       
1040001300015T 060000000838500000000   1400000000023628351               31032011000000000022140000014050                         090000000000000000                                                  000000000000161020101                     
1040001300016U 06000000000000000000000000001771000000000000000000000000000000000000000020369000000000020369000000000000000000000000000000300320113103201100003103201100000000000000000000000000000000000000000000000000000000000000000000       
1040001300017T 060000000838500000000  9000000000000004613100000000000000030032011000000000020500000015210000000000000000          090000000000000000                                                  000000000000161020101                     
1040001300018U 06000000000000000000000000003485000000000000000000000000000000000000000017015000000000017015000000000000000000000000000000300320113103201100003103201100000000000000000000000000000000000000000000000000000000000000000000       
1040001300019T 060000000838500000000  9000000000000005210100000000000000030032011000000000020500237011680000000000000000          090000000000000000                                                  000000000000326040101                     
1040001300020U 06000000000000000000000000003485000000000000000000000000000000000000000017015000000000017015000000000000000000000000000000300320113103201100003103201100000000000000000000000000000000000000000000000000000000000000000000       
1040001300021T 280000000838500000000                     0               00000000000000000000000000000000                         000000000000000000                                                  0000000000002080000000000                 
1040001300022U 280000000000000000000000000000000000000000000000000000000000000000000000000000000000000000000000000000000000000000000000003003201100000000000030032011000000000000000                              000                           
10400015         00002400000000000000000000000000000000000000000000000000000000000000000000000000000000000000000000                                                                                                                             
10499999         000001000026                                                                                                                                                                                                                   
