10400000         2023354550001930000000000000000000001521008385000000000CENTRO DE FORMACAO DE ENFERMAGC ECON FEDERAL                          23103201101551900045704000000                    RETORNO-PRODUCAO                  000            
10400011T0100030 20023354550001930000000000000000000001521008385000000000CENTRO DE FORMACAO DE ENFERMAG                                                                                00000457310320110000000000                          00   
1040001300001T 060000000838500000000   1400000000020934191               31032011000000000018576000032730                         090000000000000000                                                  000000000000149060101                     
1040001300002U 06000000000000000000000000001567000000000000000000000000000000000000000017009000000000017009000000000000000000000000000000310320110104201100000104201100000000000000000000000000000000000000000000000000000000000000000000       
1040001300003T 060000000838500000000   1400000000020978801               31032011000000000017820001000220                         090000000000000000                                                  000000000000326040101                     
1040001300004U 06000000000000000000000000001426000000000000000000000000000000000000000016394000000000016394000000000000000000000000000000310320110104201100000104201100000000000000000000000000000000000000000000000000000000000000000000       
1040001300005T 060000000838500000000   1400000000021648201               31032011000000000018500000015210                         090000000000000000                                                  000000000000161020101                     
1040001300006U 06000000000000000000000000002775000000000000000000000000000000000000000015725000000000015725000000000000000000000000000000310320110104201100000104201100000000000000000000000000000000000000000000000000000000000000000000       
1040001300007T 060000000838500000000   1400000000021724241               31032011000000000018500000015760                         090000000000000000                                                  000000000000161020101                     
1040001300008U 06000000000000000000000000002775000000000000000000000000000000000000000015725000000000015725000000000000000000000000000000310320110104201100000104201100000000000000000000000000000000000000000000000000000000000000000000       
1040001300009T 060000000838500000000   1400000000021987841               10042011000000000020500237011230                         090000000000000000                                                  000000000000326040101                     
1040001300010U 06000000000000000000000000001640000000000000000000000000000000000000000018860000000000018860000000000000000000000000000000310320110104201100000104201100000000000000000000000000000000000000000000000000000000000000000000       
1040001300011T 060000000838500000000   1400000000022943681               31032011000000000018576000016490                         090000000000000000                                                  000000000000161020101                     
1040001300012U 06000000000000000000000000002229000000000000000000000000000000000000000016347000000000016347000000000000000000000000000000310320110104201100000104201100000000000000000000000000000000000000000000000000000000000000000000       
1040001300013T 060000000838500000000   1400000000023019331               31032011000000000021076000015760                         090000000000000000                                                  000000000000149060101                     
1040001300014U 06000000000000000000000000001686000000000000000000000000000000000000000019390000000000019390000000000000000000000000000000310320110104201100000104201100000000000000000000000000000000000000000000000000000000000000000000       
1040001300015T 060000000838500000000   1400000000023468641               31032011000000000019900000015770                         090000000000000000                                                  000000000000161020101                     
1040001300016U 06000000000000000000000000002985000000000000000000000000000000000000000016915000000000016915000000000000000000000000000000310320110104201100000104201100000000000000000000000000000000000000000000000000000000000000000000       
1040001300017T 060000000838500000000  9000000000000003676100000000000000020032011000000000015000000015210000000000000000          090000000000000000                                                  000000000000161020101                     
1040001300018U 06000000000000850000000000000000000000000000000000000000000000000000000015850000000000015850000000000000000000000000000000310320110104201100000104201100000000000000000000000000000000000000000000000000000000000000000000       
1040001300019T 060000000838500000000  9000000000000007701100000000000000030032011000000000020500000000270000000000000000          090000000000000000                                                  000000000000161020101                     
1040001300020U 06000000000000478000000000000000000000000000000000000000000000000000000020978000000000020978000000000000000000000000000000310320110104201100000104201100000000000000000000000000000000000000000000000000000000000000000000       
1040001300021T 280000000838500000000                     0               00000000000000000000000000000000                         000000000000000000                                                  0000000000002080000000000                 
1040001300022U 280000000000000000000000000000000000000000000000000000000000000000000000000000000000000000000000000000000000000000000000003103201100000000000031032011000000000000000                              000                           
10400015         00002400000000000000000000000000000000000000000000000000000000000000000000000000000000000000000000                                                                                                                             
10499999         000001000026                                                                                                                                                                                                                   
