10400000         2023354550001930000000000000000000001521008385000000000CENTRO DE FORMACAO DE ENFERMAGC ECON FEDERAL                          20104201101532200045804000000                    RETORNO-PRODUCAO                  000            
10400011T0100030 20023354550001930000000000000000000001521008385000000000CENTRO DE FORMACAO DE ENFERMAG                                                                                00000458010420110000000000                          00   
1040001300001T 060000000838500000000   1400000000021164191               20042011000000000019224000015210                         090000000000000000                                                  000000000000161020101                     
1040001300002U 06000000000000000000000000000961000000000000000000000000000000000000000018263000000000018263000000000000000000000000000000010420110404201100000404201100000000000000000000000000000000000000000000000000000000000000000000       
1040001300003T 060000000838500000000   1400000000021559291               10042011000000000021276000015210                         090000000000000000                                                  000000000000161020101                     
1040001300004U 06000000000000000000000000001064000000000000000000000000000000000000000020212000000000020212000000000000000000000000000000010420110404201100000404201100000000000000000000000000000000000000000000000000000000000000000000       
1040001300005T 060000000838500000000   1400000000022942791               31032011000000000017820000000270                         090000000000000000                                                  000000000000161020101                     
1040001300006U 06000000000000418000000000000000000000000000000000000000000000000000000018238000000000018238000000000000000000000000000000010420110404201100000404201100000000000000000000000000000000000000000000000000000000000000000000       
1040001300007T 060000000838500000000   1400000000023474701               10042011000000000022400000000270                         090000000000000000                                                  000000000000161020101                     
1040001300008U 06000000000000000000000000003360000000000000000000000000000000000000000019040000000000019040000000000000000000000000000000010420110404201100000404201100000000000000000000000000000000000000000000000000000000000000000000       
1040001300009T 060000000838500000000  9000000000000010036100000000000000010042011000000000020500001010270000000000000000          090000000000000000                                                  000000000000326040101                     
1040001300010U 06000000000000000000000000004715000000000000000000000000000000000000000015785000000000015785000000000000000000000000000000010420110404201100000404201100000000000000000000000000000000000000000000000000000000000000000000       
1040001300011T 060000000838500000000  9000000000000011652100000000000000010042011000000000020500000000270000000000000000          090000000000000000                                                  000000000000161020101                     
1040001300012U 06000000000000000000000000001640000000000000000000000000000000000000000018860000000000018860000000000000000000000000000000010420110404201100000404201100000000000000000000000000000000000000000000000000000000000000000000       
1040001300013T 280000000838500000000                     0               00000000000000000000000000000000                         000000000000000000                                                  0000000000001040000000000                 
1040001300014U 280000000000000000000000000000000000000000000000000000000000000000000000000000000000000000000000000000000000000000000000000104201100000000000001042011000000000000000                              000                           
10400015         00001600000000000000000000000000000000000000000000000000000000000000000000000000000000000000000000                                                                                                                             
10499999         000001000018                                                                                                                                                                                                                   
