10400000         2023354550001930000000000000000000001521008385000000000CENTRO DE FORMACAO DE ENFERMAGC ECON FEDERAL                          20404201102445400045904000000                    RETORNO-PRODUCAO                  000            
10400011T0100030 20023354550001930000000000000000000001521008385000000000CENTRO DE FORMACAO DE ENFERMAG                                                                                00000459040420110000000000                          00   
1040001300001T 060000000838500000000   1400000000023567891               10042011000000000017820000039580                         090000000000000000                                                  000000000000320030100                     
1040001300002U 06000000000000000000000000000891000000000000000000000000000000000000000016929000000000016929000000000000000000000000000000040420110404201100000404201100000000000000000000000000000000000000000000000000000000000000000000       
1040001300003T 060000000838500000000   1400000000022162781               10042011000000000018500000017390                         090000000000000000                                                  000000000000161020101                     
1040001300004U 06000000000000000000000000001480000000000000000000000000000000000000000017020000000000017020000000000000000000000000000000040420110504201100000504201100000000000000000000000000000000000000000000000000000000000000000000       
1040001300005T 060000000838500000000  9000000000000001339100000000000000028022011000000000018576000013070000000000000000          090000000000000000                                                  000000000000161020101                     
1040001300006U 06000000000002385000000000000000000000000000000000000000000000000000000020961000000000020961000000000000000000000000000000040420110504201100000504201100000000000000000000000000000000000000000000000000000000000000000000       
1040001300007T 060000000838500000000  9000000000000004028100000000000000010042011000000000015000001016380000000000000000          090000000000000000                                                  000000000000326040101                     
1040001300008U 06000000000000000000000000002250000000000000000000000000000000000000000012750000000000012750000000000000000000000000000000040420110504201100000504201100000000000000000000000000000000000000000000000000000000000000000000       
1040001300009T 060000000838500000000  9000000000000005679100000000000000010042011000000000020500000017390000000000000000          090000000000000000                                                  000000000000161020101                     
1040001300010U 06000000000000000000000000003485000000000000000000000000000000000000000017015000000000017015000000000000000000000000000000040420110504201100000504201100000000000000000000000000000000000000000000000000000000000000000000       
1040001300011T 280000000838500000000                     0               00000000000000000000000000000000                         000000000000000000                                                  0000000000000520000000000                 
1040001300012U 280000000000000000000000000000000000000000000000000000000000000000000000000000000000000000000000000000000000000000000000000404201100000000000004042011000000000000000                              000                           
10400015         00001400000000000000000000000000000000000000000000000000000000000000000000000000000000000000000000                                                                                                                             
10499999         000001000016                                                                                                                                                                                                                   
