10400000         2023354550001930000000000000000000001521008385000000000CENTRO DE FORMACAO DE ENFERMAGC ECON FEDERAL                          21904201101571600047004000000                    RETORNO-PRODUCAO                  000            
10400011T0100030 20023354550001930000000000000000000001521008385000000000CENTRO DE FORMACAO DE ENFERMAG                                                                                00000470190420110000000000                          00   
1040001300001T 060000000838500000000   1400000000000151861               30042011000000000018576000006710                         090000000000000000                                                  000000000000161020101                     
1040001300002U 06000000000000000000000000003344000000000000000000000000000000000000000015232000000000015232000000000000000000000000000000190420112004201100002004201100000000000000000000000000000000000000000000000000000000000000000000       
1040001300003T 060000000838500000000   1400000000020932141               20032011000000000018576000013070                         090000000000000000                                                  000000000000161020101                     
1040001300004U 06000000000002321000000000000000000000000000000000000000000000000000000020897000000000020897000000000000000000000000000000190420112004201100002004201100000000000000000000000000000000000000000000000000000000000000000000       
1040001300005T 060000000838500000000   1400000000021531361               20042011000000000017820000000270                         090000000000000000                                                  000000000000161020101                     
1040001300006U 06000000000000000000000000000891000000000000000000000000000000000000000016929000000000016929000000000000000000000000000000190420112004201100002004201100000000000000000000000000000000000000000000000000000000000000000000       
1040001300007T 060000000838500000000   1400000000023467591               20042011000000000019900000015760                         090000000000000000                                                  000000000000161020101                     
1040001300008U 06000000000000000000000000002885000000000000000000000000000000000000000017015000000000017015000000000000000000000000000000190420112004201100002004201100000000000000000000000000000000000000000000000000000000000000000000       
1040001300009T 060000000838500000000   1400000000024471991               20042011000000000015000000015770                         090000000000000000                                                  000000000000149060101                     
1040001300010U 06000000000000000000000000000000000000000000000000000000000000000000000015000000000000015000000000000000000000000000000000190420112004201100002004201100000000000000000000000000000000000000000000000000000000000000000000       
1040001300011T 060000000838500000000   1400000000024473771               20042011000000000015000000015760                         090000000000000000                                                  000000000000161020101                     
1040001300012U 06000000000000000000000000001200000000000000000000000000000000000000000013800000000000013800000000000000000000000000000000190420112004201100002004201100000000000000000000000000000000000000000000000000000000000000000000       
1040001300013T 060000000838500000000   1400000000024485511               20042011000000000015000237011680                         090000000000000000                                                  000000000000326040101                     
1040001300014U 06000000000000000000000000000000000000000000000000000000000000000000000015000000000000015000000000000000000000000000000000190420112004201100002004201100000000000000000000000000000000000000000000000000000000000000000000       
1040001300015T 060000000838500000000  9000000000000009798100000000000000020042011000000000018576000014130000000000000000          090000000000000000                                                  000000000000161020101                     
1040001300016U 06000000000000000000000000003344000000000000000000000000000000000000000015232000000000015232000000000000000000000000000000190420112004201100002004201100000000000000000000000000000000000000000000000000000000000000000000       
1040001300017T 060000000838500000000  9000000000000013973100000000000000020042011000000000018576000015210000000000000000          090000000000000000                                                  000000000000161020101                     
1040001300018U 06000000000000000000000000003344000000000000000000000000000000000000000015232000000000015232000000000000000000000000000000190420112004201100002004201100000000000000000000000000000000000000000000000000000000000000000000       
1040001300019T 280000000838500000000                     0               00000000000000000000000000000000                         000000000000000000                                                  0000000000001820000000000                 
1040001300020U 280000000000000000000000000000000000000000000000000000000000000000000000000000000000000000000000000000000000000000000000001904201100000000000019042011000000000000000                              000                           
10400015         00002200000000000000000000000000000000000000000000000000000000000000000000000000000000000000000000                                                                                                                             
10499999         000001000024                                                                                                                                                                                                                   
