10400000         2023354550001930000000000000000000001521008385000000000CENTRO DE FORMACAO DE ENFERMAGC ECON FEDERAL                          20504201101581900046004000000                    RETORNO-PRODUCAO                  000            
10400011T0100030 20023354550001930000000000000000000001521008385000000000CENTRO DE FORMACAO DE ENFERMAG                                                                                00000460050420110000000000                          00   
1040001300001T 060000000838500000000   1400000000021685321               10042011000000000017820000014050                         090000000000000000                                                  000000000000161020101                     
1040001300002U 06000000000000000000000000002673000000000000000000000000000000000000000015147000000000015147000000000000000000000000000000050420110604201100000604201100000000000000000000000000000000000000000000000000000000000000000000       
1040001300003T 060000000838500000000   1400000000021719401               10042011000000000020500000000270                         090000000000000000                                                  000000000000161020101                     
1040001300004U 06000000000000000000000000001640000000000000000000000000000000000000000018860000000000018860000000000000000000000000000000050420110604201100000604201100000000000000000000000000000000000000000000000000000000000000000000       
1040001300005T 060000000838500000000   1400000000022340041               10042011000000000018576001016130                         090000000000000000                                                  000000000000326040101                     
1040001300006U 06000000000000000000000000000929000000000000000000000000000000000000000017647000000000017647000000000000000000000000000000050420110604201100000604201100000000000000000000000000000000000000000000000000000000000000000000       
1040001300007T 060000000838500000000   1400000000022997851               20032011000000000015000000006710                         090000000000000000                                                  000000000000161020101                     
1040001300008U 06000000000001148000000000000000000000000000000000000000000000000000000016148000000000016148000000000000000000000000000000050420110604201100000604201100000000000000000000000000000000000000000000000000000000000000000000       
1040001300009T 060000000838500000000   1400000000022997931               20042011000000000015000000006710                         090000000000000000                                                  000000000000161020101                     
1040001300010U 06000000000000000000000000001800000000000000000000000000000000000000000013200000000000013200000000000000000000000000000000050420110604201100000604201100000000000000000000000000000000000000000000000000000000000000000000       
1040001300011T 060000000838500000000  9000000000000009321100000000000000010042011000000000018576001016390000000000000000          090000000000000000                                                  000000000000326040101                     
1040001300012U 06000000000000000000000000001486000000000000000000000000000000000000000017090000000000017090000000000000000000000000000000050420110604201100000604201100000000000000000000000000000000000000000000000000000000000000000000       
1040001300013T 280000000838500000000                     0               00000000000000000000000000000000                         000000000000000000                                                  0000000000001300000000000                 
1040001300014U 280000000000000000000000000000000000000000000000000000000000000000000000000000000000000000000000000000000000000000000000000504201100000000000005042011000000000000000                              000                           
10400015         00001600000000000000000000000000000000000000000000000000000000000000000000000000000000000000000000                                                                                                                             
10499999         000001000018                                                                                                                                                                                                                   
