10400000         2023354550001930000000000000000000001521008385000000000CENTRO DE FORMACAO DE ENFERMAGC ECON FEDERAL                          20604201101462600046104000000                    RETORNO-PRODUCAO                  000            
10400011T0100030 20023354550001930000000000000000000001521008385000000000CENTRO DE FORMACAO DE ENFERMAG                                                                                00000461060420110000000000                          00   
1040001300001T 060000000838500000000   1400000000021611471               10042011000000000021000033001860                         090000000000000000                                                  000000000000326040101                     
1040001300002U 06000000000000000000000000003125000000000000000000000000000000000000000017875000000000017875000000000000000000000000000000060420110704201100000704201100000000000000000000000000000000000000000000000000000000000000000000       
1040001300003T 060000000838500000000   1400000000022918141               10042011000000000020320000015760                         090000000000000000                                                  000000000000161020101                     
1040001300004U 06000000000000000000000000001626000000000000000000000000000000000000000018694000000000018694000000000000000000000000000000060420110704201100000704201100000000000000000000000000000000000000000000000000000000000000000000       
1040001300005T 060000000838500000000   1400000000023025061               20042011000000000021076000013070                         090000000000000000                                                  000000000000161020101                     
1040001300006U 06000000000000000000000000001686000000000000000000000000000000000000000019390000000000019390000000000000000000000000000000060420110704201100000704201100000000000000000000000000000000000000000000000000000000000000000000       
1040001300007T 060000000838500000000   1400000000023479841               20042011000000000019900000015210                         090000000000000000                                                  000000000000161020101                     
1040001300008U 06000000000000000000000000002985000000000000000000000000000000000000000016915000000000016915000000000000000000000000000000060420110704201100000704201100000000000000000000000000000000000000000000000000000000000000000000       
1040001300009T 060000000838500000000  9000000000000007671100000000000000030042011000000000020500000015210000000000000000          090000000000000000                                                  000000000000161020101                     
1040001300010U 06000000000000000000000000001640000000000000000000000000000000000000000018860000000000018860000000000000000000000000000000060420110704201100000704201100000000000000000000000000000000000000000000000000000000000000000000       
1040001300011T 280000000838500000000                     0               00000000000000000000000000000000                         000000000000000000                                                  0000000000001040000000000                 
1040001300012U 280000000000000000000000000000000000000000000000000000000000000000000000000000000000000000000000000000000000000000000000000604201100000000000006042011000000000000000                              000                           
10400015         00001400000000000000000000000000000000000000000000000000000000000000000000000000000000000000000000                                                                                                                             
10499999         000001000016                                                                                                                                                                                                                   
