10400000         2023354550001930000000000000000000001521008385000000000CENTRO DE FORMACAO DE ENFERMAGC ECON FEDERAL                          20704201102031500046204000000                    RETORNO-PRODUCAO                  000            
10400011T0100030 20023354550001930000000000000000000001521008385000000000CENTRO DE FORMACAO DE ENFERMAG                                                                                00000462070420110000000000                          00   
1040001300001T 060000000838500000000   1400000000021338791               10042011000000000017820000016490                         090000000000000000                                                  000000000000161020101                     
1040001300002U 06000000000000000000000000000891000000000000000000000000000000000000000016929000000000016929000000000000000000000000000000070420110804201100000804201100000000000000000000000000000000000000000000000000000000000000000000       
1040001300003T 060000000838500000000   1400000000021683381               10042011000000000017820000015770                         090000000000000000                                                  000000000000161020101                     
1040001300004U 06000000000000000000000000002673000000000000000000000000000000000000000015147000000000015147000000000000000000000000000000070420110804201100000804201100000000000000000000000000000000000000000000000000000000000000000000       
1040001300005T 060000000838500000000   1400000000021989891               10042011000000000020500001000220                         090000000000000000                                                  000000000000326040101                     
1040001300006U 06000000000000000000000000003075000000000000000000000000000000000000000017425000000000017425000000000000000000000000000000070420110804201100000804201100000000000000000000000000000000000000000000000000000000000000000000       
1040001300007T 060000000838500000000   1400000000022970811               20032011000000000015000000015760                         090000000000000000                                                  000000000000161020101                     
1040001300008U 06000000000001254000000000000000000000000000000000000000000000000000000016254000000000016254000000000000000000000000000000070420110804201100000804201100000000000000000000000000000000000000000000000000000000000000000000       
1040001300009T 060000000838500000000   1400000000022986141               20042011000000000015000237013190                         090000000000000000                                                  000000000000326040101                     
1040001300010U 06000000000000000000000000001800000000000000000000000000000000000000000013200000000000013200000000000000000000000000000000070420110804201100000804201100000000000000000000000000000000000000000000000000000000000000000000       
1040001300011T 060000000838500000000  9000000000000003919100000000000000020032011000000000015000000015760000000000000000          090000000000000000                                                  000000000000161020101                     
1040001300012U 06000000000001200000000000000000000000000000000000000000000000000000000016200000000000016200000000000000000000000000000000070420110804201100000804201100000000000000000000000000000000000000000000000000000000000000000000       
1040001300013T 060000000838500000000  9000000000000004044100000000000000010042011000000000015000000015210000000000000000          090000000000000000                                                  000000000000161020101                     
1040001300014U 06000000000000000000000000001500000000000000000000000000000000000000000013500000000000013500000000000000000000000000000000070420110804201100000804201100000000000000000000000000000000000000000000000000000000000000000000       
1040001300015T 060000000838500000000  9000000000000010303100000000000000010042011000000000020500748020030000000000000000          090000000000000000                                                  000000000000326040101                     
1040001300016U 06000000000000000000000000004715000000000000000000000000000000000000000015785000000000015785000000000000000000000000000000070420110804201100000804201100000000000000000000000000000000000000000000000000000000000000000000       
1040001300017T 280000000838500000000                     0               00000000000000000000000000000000                         000000000000000000                                                  0000000000001300000000000                 
1040001300018U 280000000000000000000000000000000000000000000000000000000000000000000000000000000000000000000000000000000000000000000000000704201100000000000007042011000000000000000                              000                           
10400015         00002000000000000000000000000000000000000000000000000000000000000000000000000000000000000000000000                                                                                                                             
10499999         000001000022                                                                                                                                                                                                                   
