10400000         2023354550001930000000000000000000001521008385000000000CENTRO DE FORMACAO DE ENFERMAGC ECON FEDERAL                          20804201101452400046304000000                    RETORNO-PRODUCAO                  000            
10400011T0100030 20023354550001930000000000000000000001521008385000000000CENTRO DE FORMACAO DE ENFERMAG                                                                                00000463080420110000000000                          00   
1040001300001T 060000000838500000000   1400000000000148801               10042011000000000018576000039580                         090000000000000000                                                  000000000000161020101                     
1040001300002U 06000000000000000000000000003344000000000000000000000000000000000000000015232000000000015232000000000000000000000000000000080420111104201100001104201100000000000000000000000000000000000000000000000000000000000000000000       
1040001300003T 060000000838500000000   1400000000021343521               10042011000000000017820000015760                         090000000000000000                                                  000000000000161020101                     
1040001300004U 06000000000000000000000000000891000000000000000000000000000000000000000016929000000000016929000000000000000000000000000000080420111104201100001104201100000000000000000000000000000000000000000000000000000000000000000000       
1040001300005T 060000000838500000000   1400000000021615541               10042011000000000021000237011670                         090000000000000000                                                  000000000000326040101                     
1040001300006U 06000000000000000000000000001680000000000000000000000000000000000000000019320000000000019320000000000000000000000000000000080420111104201100001104201100000000000000000000000000000000000000000000000000000000000000000000       
1040001300007T 060000000838500000000   1400000000021643911               10042011000000000021000237021210                         090000000000000000                                                  000000000000326040101                     
1040001300008U 06000000000000000000000000003150000000000000000000000000000000000000000017850000000000017850000000000000000000000000000000080420111104201100001104201100000000000000000000000000000000000000000000000000000000000000000000       
1040001300009T 060000000838500000000   1400000000022624231               20042011000000000021076000015760                         090000000000000000                                                  000000000000161020101                     
1040001300010U 06000000000000000000000000001686000000000000000000000000000000000000000019390000000000019390000000000000000000000000000000080420111104201100001104201100000000000000000000000000000000000000000000000000000000000000000000       
1040001300011T 060000000838500000000   1400000000022990681               10042011000000000015000000017390                         090000000000000000                                                  000000000000149060101                     
1040001300012U 06000000000000000000000000001200000000000000000000000000000000000000000013800000000000013800000000000000000000000000000000080420111104201100001104201100000000000000000000000000000000000000000000000000000000000000000000       
1040001300013T 060000000838500000000   1400000000023490811               10042011000000000019900000014130                         090000000000000000                                                  000000000000161020101                     
1040001300014U 06000000000000000000000000002985000000000000000000000000000000000000000016915000000000016915000000000000000000000000000000080420111104201100001104201100000000000000000000000000000000000000000000000000000000000000000000       
1040001300015T 060000000838500000000   1400000000023586761               10042011000000000022562000000270                         090000000000000000                                                  000000000000161020101                     
1040001300016U 06000000000000000000000000001805000000000000000000000000000000000000000020757000000000020757000000000000000000000000000000080420111104201100001104201100000000000000000000000000000000000000000000000000000000000000000000       
1040001300017T 060000000838500000000  9000000000000008805100000000000000010042011000000000018576000017390000000000000000          090000000000000000                                                  000000000000161020101                     
1040001300018U 06000000000000000000000000003344000000000000000000000000000000000000000015232000000000015232000000000000000000000000000000080420111104201100001104201100000000000000000000000000000000000000000000000000000000000000000000       
1040001300019T 060000000838500000000  9000000000000012730100000000000000010042011000000000018576000015210000000000000000          090000000000000000                                                  000000000000161020101                     
1040001300020U 06000000000000000000000000003344000000000000000000000000000000000000000015232000000000015232000000000000000000000000000000080420111104201100001104201100000000000000000000000000000000000000000000000000000000000000000000       
1040001300021T 280000000838500000000                     0               00000000000000000000000000000000                         000000000000000000                                                  0000000000002080000000000                 
1040001300022U 280000000000000000000000000000000000000000000000000000000000000000000000000000000000000000000000000000000000000000000000000804201100000000000008042011000000000000000                              000                           
10400015         00002400000000000000000000000000000000000000000000000000000000000000000000000000000000000000000000                                                                                                                             
10499999         000001000026                                                                                                                                                                                                                   
