10400000         2023354550001930000000000000000000001521008385000000000CENTRO DE FORMACAO DE ENFERMAGC ECON FEDERAL                          21104201103022400046404000000                    RETORNO-PRODUCAO                  000            
10400011T0100030 20023354550001930000000000000000000001521008385000000000CENTRO DE FORMACAO DE ENFERMAG                                                                                00000464110420110000000000                          00   
1040001300001T 060000000838500000000   1400000000000147321               10042011000000000018576000016490                         090000000000000000                                                  000000000000161020101                     
1040001300002U 06000000000000000000000000002229000000000000000000000000000000000000000016347000000000016347000000000000000000000000000000110420111204201100001204201100000000000000000000000000000000000000000000000000000000000000000000       
1040001300003T 060000000838500000000   1400000000000148301               10042011000000000018576000017390                         090000000000000000                                                  000000000000161020101                     
1040001300004U 06000000000000000000000000003344000000000000000000000000000000000000000015232000000000015232000000000000000000000000000000110420111204201100001204201100000000000000000000000000000000000000000000000000000000000000000000       
1040001300005T 060000000838500000000   1400000000021158541               10042011000000000019224001016510                         090000000000000000                                                  000000000000326040101                     
1040001300006U 06000000000000000000000000000961000000000000000000000000000000000000000018263000000000018263000000000000000000000000000000110420111204201100001204201100000000000000000000000000000000000000000000000000000000000000000000       
1040001300007T 060000000838500000000   1400000000021159431               20032011000000000019224000015760                         090000000000000000                                                  000000000000161020101                     
1040001300008U 06000000000001858000000000000000000000000000000000000000000000000000000021082000000000021082000000000000000000000000000000110420111204201100001204201100000000000000000000000000000000000000000000000000000000000000000000       
1040001300009T 060000000838500000000   1400000000021199731               10042011000000000019224237010370                         090000000000000000                                                  000000000000326040101                     
1040001300010U 06000000000000000000000000000961000000000000000000000000000000000000000018263000000000018263000000000000000000000000000000110420111204201100001204201100000000000000000000000000000000000000000000000000000000000000000000       
1040001300011T 060000000838500000000   1400000000021573101               10042011000000000021000237026170                         090000000000000000                                                  000000000000326040101                     
1040001300012U 06000000000000000000000000001680000000000000000000000000000000000000000019320000000000019320000000000000000000000000000000110420111204201100001204201100000000000000000000000000000000000000000000000000000000000000000000       
1040001300013T 060000000838500000000   1400000000021963401               10042011000000000018500000016490                         090000000000000000                                                  000000000000161020101                     
1040001300014U 06000000000000000000000000002775000000000000000000000000000000000000000015725000000000015725000000000000000000000000000000110420111204201100001204201100000000000000000000000000000000000000000000000000000000000000000000       
1040001300015T 060000000838500000000   1400000000022316501               10042011000000000018576001029530                         090000000000000000                                                  000000000000326040101                     
1040001300016U 06000000000000000000000000001858000000000000000000000000000000000000000016718000000000016718000000000000000000000000000000110420111204201100001204201100000000000000000000000000000000000000000000000000000000000000000000       
1040001300017T 060000000838500000000   1400000000022643611               31032011000000000023224000015760                         090000000000000000                                                  000000000000161020101                     
1040001300018U 06000000000001356000000000000000000000000000000000000000000000000000000024580000000000024580000000000000000000000000000000110420111204201100001204201100000000000000000000000000000000000000000000000000000000000000000000       
1040001300019T 060000000838500000000   1400000000022722241               10042011000000000019224001014140                         090000000000000000                                                  000000000000326040101                     
1040001300020U 06000000000000000000000000000000000000000000000000000000000000000000000019224000000000019224000000000000000000000000000000110420111204201100001204201100000000000000000000000000000000000000000000000000000000000000000000       
1040001300021T 060000000838500000000   1400000000022868531               10042011000000000018500237026170                         090000000000000000                                                  000000000000326040101                     
1040001300022U 06000000000000000000000000002775000000000000000000000000000000000000000015725000000000015725000000000000000000000000000000110420111204201100001204201100000000000000000000000000000000000000000000000000000000000000000000       
1040001300023T 060000000838500000000   1400000000022932801               10042011000000000018576000013070                         090000000000000000                                                  000000000000161020101                     
1040001300024U 06000000000000000000000000002229000000000000000000000000000000000000000016347000000000016347000000000000000000000000000000110420111204201100001204201100000000000000000000000000000000000000000000000000000000000000000000       
1040001300025T 060000000838500000000   1400000000022957551               30042011000000000021076001014140                         090000000000000000                                                  000000000000326040101                     
1040001300026U 06000000000000000000000000002529000000000000000000000000000000000000000018547000000000018547000000000000000000000000000000110420111204201100001204201100000000000000000000000000000000000000000000000000000000000000000000       
1040001300027T 060000000838500000000   1400000000022977741               20042011000000000015000000015210                         090000000000000000                                                  000000000000161020101                     
1040001300028U 06000000000000000000000000001800000000000000000000000000000000000000000013200000000000013200000000000000000000000000000000110420111204201100001204201100000000000000000000000000000000000000000000000000000000000000000000       
1040001300029T 060000000838500000000   1400000000022983711               20042011000000000015000000015210                         090000000000000000                                                  000000000000161020101                     
1040001300030U 06000000000000000000000000001200000000000000000000000000000000000000000013800000000000013800000000000000000000000000000000110420111204201100001204201100000000000000000000000000000000000000000000000000000000000000000000       
1040001300031T 060000000838500000000   1400000000023003841               20042011000000000018576000000270                         090000000000000000                                                  000000000000161020101                     
1040001300032U 06000000000000000000000000001486000000000000000000000000000000000000000017090000000000017090000000000000000000000000000000110420111204201100001204201100000000000000000000000000000000000000000000000000000000000000000000       
1040001300033T 060000000838500000000   1400000000023405991               10042011000000000019900000015760                         090000000000000000                                                  000000000000149060101                     
1040001300034U 06000000000000000000000000002985000000000000000000000000000000000000000016915000000000016915000000000000000000000000000000110420111204201100001204201100000000000000000000000000000000000000000000000000000000000000000000       
1040001300035T 060000000838500000000   1400000000023585601               10042011000000000024640000006710                         090000000000000000                                                  000000000000161020101                     
1040001300036U 06000000000000000000000000001971000000000000000000000000000000000000000022669000000000022669000000000000000000000000000000110420111204201100001204201100000000000000000000000000000000000000000000000000000000000000000000       
1040001300037T 060000000838500000000  9000000000000005423100000000000000010042011000000000020500237011680000000000000000          090000000000000000                                                  000000000000326040101                     
1040001300038U 06000000000000000000000000003485000000000000000000000000000000000000000017015000000000017015000000000000000000000000000000110420111204201100001204201100000000000000000000000000000000000000000000000000000000000000000000       
1040001300039T 060000000838500000000  9000000000000009950100000000000000020042011000000000018576000015210000000000000000          090000000000000000                                                  000000000000161020101                     
1040001300040U 06000000000000000000000000003344000000000000000000000000000000000000000015232000000000015232000000000000000000000000000000110420111204201100001204201100000000000000000000000000000000000000000000000000000000000000000000       
1040001300041T 060000000838500000000  9000000000000010834100000000000000020042011000000000018576000016490000000000000000          090000000000000000                                                  000000000000161020101                     
1040001300042U 06000000000000000000000000001486000000000000000000000000000000000000000017090000000000017090000000000000000000000000000000110420111204201100001204201100000000000000000000000000000000000000000000000000000000000000000000       
1040001300043T 060000000838500000000  9000000000000011261100000000000000010042011000000000018576000017390000000000000000          090000000000000000                                                  000000000000161020101                     
1040001300044U 06000000000000000000000000001486000000000000000000000000000000000000000017090000000000017090000000000000000000000000000000110420111204201100001204201100000000000000000000000000000000000000000000000000000000000000000000       
1040001300045T 280000000838500000000                     0               00000000000000000000000000000000                         000000000000000000                                                  0000000000004680000000000                 
1040001300046U 280000000000000000000000000000000000000000000000000000000000000000000000000000000000000000000000000000000000000000000000001104201100000000000011042011000000000000000                              000                           
10400015         00004800000000000000000000000000000000000000000000000000000000000000000000000000000000000000000000                                                                                                                             
10499999         000001000050                                                                                                                                                                                                                   
