10400000         2023354550001930000000000000000000001521008385000000000CENTRO DE FORMACAO DE ENFERMAGC ECON FEDERAL                          22411201001204900037204000000                    RETORNO-PRODUCAO                  000            
10400011T0100030 20023354550001930000000000000000000001521008385000000000CENTRO DE FORMACAO DE ENFERMAG                                                                                00000372241120100000000000                          00   
1040001300001T 060000000838500000000   1400000000019608521               31102010000000000016500000016490                         090000000000000000                                                  000000000000161020101                     
1040001300002U 06000000000001722000000000000000000000000000000000000000000000000000000018222000000000018222000000000000000000000000000000241120102511201000002511201000000000000000000000000000000000000000000000000000000000000000000000       
1040001300003T 060000000838500000000   1400000000021204321               30112010000000000023224000014050                         090000000000000000                                                  000000000000161020101                     
1040001300004U 06000000000000000000000000001161000000000000000000000000000000000000000022063000000000022063000000000000000000000000000000241120102511201000002511201000000000000000000000000000000000000000000000000000000000000000000000       
1040001300005T 060000000838500000000   1400000000021245941               08122010000000000000100001016390                         090000000000000000                                                  000000000000326040101                     
1040001300006U 06000000000000000000000000000000000000000000000000000000000000000000000000100000000000000100000000000000000000000000000000241120102511201000002511201000000000000000000000000000000000000000000000000000000000000000000000       
1040001300007T 280000000838500000000                     0               00000000000000000000000000000000                         000000000000000000                                                  0000000000000780000000000                 
1040001300008U 280000000000000000000000000000000000000000000000000000000000000000000000000000000000000000000000000000000000000000000000002411201000000000000024112010000000000000000                              000                           
10400015         00001000000000000000000000000000000000000000000000000000000000000000000000000000000000000000000000                                                                                                                             
10499999         000001000012                                                                                                                                                                                                                   
