10400000         2023354550001930000000000000000000001521008385000000000CENTRO DE FORMACAO DE ENFERMAGC ECON FEDERAL                          21304201101515400046604000000                    RETORNO-PRODUCAO                  000            
10400011T0100030 20023354550001930000000000000000000001521008385000000000CENTRO DE FORMACAO DE ENFERMAG                                                                                00000466130420110000000000                          00   
1040001300001T 060000000838500000000   1400000000022938251               30042011000000000017820000015210                         090000000000000000                                                  000000000000161020101                     
1040001300002U 06000000000000000000000000001426000000000000000000000000000000000000000016394000000000016394000000000000000000000000000000130420111404201100001404201100000000000000000000000000000000000000000000000000000000000000000000       
1040001300003T 060000000838500000000   1400000000023470701               20042011000000000022400000016490                         090000000000000000                                                  000000000000161020101                     
1040001300004U 06000000000000000000000000003360000000000000000000000000000000000000000019040000000000019040000000000000000000000000000000130420111404201100001404201100000000000000000000000000000000000000000000000000000000000000000000       
1040001300005T 280000000838500000000                     0               00000000000000000000000000000000                         000000000000000000                                                  0000000000000520000000000                 
1040001300006U 280000000000000000000000000000000000000000000000000000000000000000000000000000000000000000000000000000000000000000000000001304201100000000000013042011000000000000000                              000                           
10400015         00000800000000000000000000000000000000000000000000000000000000000000000000000000000000000000000000                                                                                                                             
10499999         000001000010                                                                                                                                                                                                                   
