10400000         2023354550001930000000000000000000001521008385000000000CENTRO DE FORMACAO DE ENFERMAGC ECON FEDERAL                          21404201101353200046704000000                    RETORNO-PRODUCAO                  000            
10400011T0100030 20023354550001930000000000000000000001521008385000000000CENTRO DE FORMACAO DE ENFERMAG                                                                                00000467140420110000000000                          00   
1040001300001T 060000000838500000000   1400000000000202521               20042011000000000020500000017390                         090000000000000000                                                  000000000000320030100                     
1040001300002U 06000000000000000000000000004715000000000000000000000000000000000000000015785000000000015785000000000000000000000000000000140420111404201100001404201100000000000000000000000000000000000000000000000000000000000000000000       
1040001300003T 060000000838500000000   1400000000021193701               10042011000000000019224000000270                         090000000000000000                                                  000000000000161020101                     
1040001300004U 06000000000000000000000000000000000000000000000000000000000000000000000019224000000000019224000000000000000000000000000000140420111504201100001504201100000000000000000000000000000000000000000000000000000000000000000000       
1040001300005T 060000000838500000000   1400000000022557611               20042011000000000018500000000270                         090000000000000000                                                  000000000000161020101                     
1040001300006U 06000000000000000000000000002775000000000000000000000000000000000000000015725000000000015725000000000000000000000000000000140420111504201100001504201100000000000000000000000000000000000000000000000000000000000000000000       
1040001300007T 060000000838500000000   1400000000022996701               20042011000000000015000000015760                         090000000000000000                                                  000000000000149060101                     
1040001300008U 06000000000000000000000000001800000000000000000000000000000000000000000013200000000000013200000000000000000000000000000000140420111504201100001504201100000000000000000000000000000000000000000000000000000000000000000000       
1040001300009T 060000000838500000000   1400000000023525541               10042011000000000019900000015760                         090000000000000000                                                  000000000000161020101                     
1040001300010U 06000000000000678000000000000000000000000000000000000000000000000000000020578000000000020578000000000000000000000000000000140420111504201100001504201100000000000000000000000000000000000000000000000000000000000000000000       
1040001300011T 280000000838500000000                     0               00000000000000000000000000000000                         000000000000000000                                                  0000000000001300000000000                 
1040001300012U 280000000000000000000000000000000000000000000000000000000000000000000000000000000000000000000000000000000000000000000000001404201100000000000014042011000000000000000                              000                           
10400015         00001400000000000000000000000000000000000000000000000000000000000000000000000000000000000000000000                                                                                                                             
10499999         000001000016                                                                                                                                                                                                                   
