10400000         2023354550001930000000000000000000001521008385000000000CENTRO DE FORMACAO DE ENFERMAGC ECON FEDERAL                          21804201102570400046904000000                    RETORNO-PRODUCAO                  000            
10400011T0100030 20023354550001930000000000000000000001521008385000000000CENTRO DE FORMACAO DE ENFERMAG                                                                                00000469180420110000000000                          00   
1040001300001T 060000000838500000000   1400000000000178121               30042011000000000020500237011460                         090000000000000000                                                  000000000000326040101                     
1040001300002U 06000000000000000000000000000000000000000000000000000000000000000000000020500000000000020500000000000000000000000000000000180420111904201100001904201100000000000000000000000000000000000000000000000000000000000000000000       
1040001300003T 060000000838500000000   1400000000021561351               20042011000000000021276000015210                         090000000000000000                                                  000000000000161020101                     
1040001300004U 06000000000000000000000000001064000000000000000000000000000000000000000020212000000000020212000000000000000000000000000000180420111904201100001904201100000000000000000000000000000000000000000000000000000000000000000000       
1040001300005T 060000000838500000000   1400000000021953941               20042011000000000018500000015770                         090000000000000000                                                  000000000000161020101                     
1040001300006U 06000000000000000000000000002775000000000000000000000000000000000000000015725000000000015725000000000000000000000000000000180420111904201100001904201100000000000000000000000000000000000000000000000000000000000000000000       
1040001300007T 060000000838500000000   1400000000022020991               20042011000000000020500000015210                         090000000000000000                                                  000000000000161020101                     
1040001300008U 06000000000000000000000000001640000000000000000000000000000000000000000018860000000000018860000000000000000000000000000000180420111904201100001904201100000000000000000000000000000000000000000000000000000000000000000000       
1040001300009T 060000000838500000000   1400000000022936471               20042011000000000017820000017390                         090000000000000000                                                  000000000000161020101                     
1040001300010U 06000000000000000000000000001426000000000000000000000000000000000000000016394000000000016394000000000000000000000000000000180420111904201100001904201100000000000000000000000000000000000000000000000000000000000000000000       
1040001300011T 060000000838500000000   1400000000022949291               20042011000000000020320000013070                         090000000000000000                                                  000000000000161020101                     
1040001300012U 06000000000000000000000000001626000000000000000000000000000000000000000018694000000000018694000000000000000000000000000000180420111904201100001904201100000000000000000000000000000000000000000000000000000000000000000000       
1040001300013T 060000000838500000000   1400000000023508881               20042011000000000019900000014130                         090000000000000000                                                  000000000000161020101                     
1040001300014U 06000000000000000000000000001592000000000000000000000000000000000000000018308000000000018308000000000000000000000000000000180420111904201100001904201100000000000000000000000000000000000000000000000000000000000000000000       
1040001300015T 060000000838500000000   240000000000027140100000000000000020042011000000000018576000015760000000000000000          090000000000000000                                                  000000000000161020101                     
1040001300016U 06000000000000000000000000002229000000000000000000000000000000000000000016347000000000016347000000000000000000000000000000180420111904201100001904201100000000000000000000000000000000000000000000000000000000000000000000       
1040001300017T 060000000838500000000  9000000000000005474100000000000000020042011000000000020500000039580000000000000000          090000000000000000                                                  000000000000161020101                     
1040001300018U 06000000000000000000000000003485000000000000000000000000000000000000000017015000000000017015000000000000000000000000000000180420111904201100001904201100000000000000000000000000000000000000000000000000000000000000000000       
1040001300019T 060000000838500000000  9000000000000005776100000000000000020042011000000000020500000000270000000000000000          090000000000000000                                                  000000000000161020101                     
1040001300020U 06000000000000000000000000003485000000000000000000000000000000000000000017015000000000017015000000000000000000000000000000180420111904201100001904201100000000000000000000000000000000000000000000000000000000000000000000       
1040001300021T 060000000838500000000  9000000000000007442100000000000000020042011000000000017820000032730000000000000000          090000000000000000                                                  000000000000161020101                     
1040001300022U 06000000000000000000000000002673000000000000000000000000000000000000000015147000000000015147000000000000000000000000000000180420111904201100001904201100000000000000000000000000000000000000000000000000000000000000000000       
1040001300023T 060000000838500000000  9000000000000010877100000000000000030042011000000000018576000015210000000000000000          090000000000000000                                                  000000000000161020101                     
1040001300024U 06000000000000000000000000001486000000000000000000000000000000000000000017090000000000017090000000000000000000000000000000180420111904201100001904201100000000000000000000000000000000000000000000000000000000000000000000       
1040001300025T 060000000838500000000  9000000000000011938100000000000000020042011000000000018576000039580000000000000000          090000000000000000                                                  000000000000161020101                     
1040001300026U 06000000000000000000000000003340000000000000000000000000000000000000000015236000000000015236000000000000000000000000000000180420111904201100001904201100000000000000000000000000000000000000000000000000000000000000000000       
1040001300027T 060000000838500000000  9000000000000013833100000000000000020042011000000000018576000016490000000000000000          090000000000000000                                                  000000000000161020101                     
1040001300028U 06000000000000000000000000001486000000000000000000000000000000000000000017090000000000017090000000000000000000000000000000180420111904201100001904201100000000000000000000000000000000000000000000000000000000000000000000       
1040001300029T 280000000838500000000                     0               00000000000000000000000000000000                         000000000000000000                                                  0000000000001820000000000                 
1040001300030U 280000000000000000000000000000000000000000000000000000000000000000000000000000000000000000000000000000000000000000000000001804201100000000000018042011000000000000000                              000                           
10400015         00003200000000000000000000000000000000000000000000000000000000000000000000000000000000000000000000                                                                                                                             
10499999         000001000034                                                                                                                                                                                                                   
