10400000         2023354550001930000000000000000000001521008385000000000CENTRO DE FORMACAO DE ENFERMAGC ECON FEDERAL                          21504201102265900046804000000                    RETORNO-PRODUCAO                  000            
10400011T0100030 20023354550001930000000000000000000001521008385000000000CENTRO DE FORMACAO DE ENFERMAG                                                                                00000468150420110000000000                          00   
1040001300001T 060000000838500000000   1400000000000197341               20042011000000000020500000017390                         090000000000000000                                                  000000000000161020101                     
1040001300002U 06000000000000000000000000004715000000000000000000000000000000000000000015785000000000015785000000000000000000000000000000150420111804201100001804201100000000000000000000000000000000000000000000000000000000000000000000       
1040001300003T 060000000838500000000   1400000000000212751               20042011000000000020500000015760                         090000000000000000                                                  000000000000161020101                     
1040001300004U 06000000000000000000000000004715000000000000000000000000000000000000000015785000000000015785000000000000000000000000000000150420111804201100001804201100000000000000000000000000000000000000000000000000000000000000000000       
1040001300005T 060000000838500000000   1400000000022023901               20042011000000000020500000014130                         090000000000000000                                                  000000000000149060101                     
1040001300006U 06000000000000000000000000001640000000000000000000000000000000000000000018860000000000018860000000000000000000000000000000150420111804201100001804201100000000000000000000000000000000000000000000000000000000000000000000       
1040001300007T 060000000838500000000   1400000000022856951               20042011000000000018500341045250                         090000000000000000                                                  000000000000326040101                     
1040001300008U 06000000000000000000000000000000000000000000000000000000000000000000000018500000000000018500000000000000000000000000000000150420111804201100001804201100000000000000000000000000000000000000000000000000000000000000000000       
1040001300009T 280000000838500000000                     0               00000000000000000000000000000000                         000000000000000000                                                  0000000000001040000000000                 
1040001300010U 280000000000000000000000000000000000000000000000000000000000000000000000000000000000000000000000000000000000000000000000001504201100000000000015042011000000000000000                              000                           
10400015         00001200000000000000000000000000000000000000000000000000000000000000000000000000000000000000000000                                                                                                                             
10499999         000001000014                                                                                                                                                                                                                   
