10400000         2023354550001930000000000000000000001521008385000000000CENTRO DE FORMACAO DE ENFERMAGC ECON FEDERAL                          22004201101583000047104000000                    RETORNO-PRODUCAO                  000            
10400011T0100030 20023354550001930000000000000000000001521008385000000000CENTRO DE FORMACAO DE ENFERMAG                                                                                00000471200420110000000000                          00   
1040001300001T 060000000838500000000  9000000000000009003100000000000000020042011000000000018576000015760000000000000000          090000000000000000                                                  000000000000320030100                     
1040001300002U 06000000000000000000000000003344000000000000000000000000000000000000000015232000000000015232000000000000000000000000000000200420112004201100002004201100000000000000000000000000000000000000000000000000000000000000000000       
1040001300003T 060000000838500000000   1400000000000176691               20042011000000000020500237021210                         090000000000000000                                                  000000000000326040101                     
1040001300004U 06000000000000000000000000004715000000000000000000000000000000000000000015785000000000015785000000000000000000000000000000200420112504201100002504201100000000000000000000000000000000000000000000000000000000000000000000       
1040001300005T 060000000838500000000   1400000000000184011               20042011000000000020500000015210                         090000000000000000                                                  000000000000161020101                     
1040001300006U 06000000000000000000000000004715000000000000000000000000000000000000000015785000000000015785000000000000000000000000000000200420112504201100002504201100000000000000000000000000000000000000000000000000000000000000000000       
1040001300007T 060000000838500000000   1400000000000221901               20042011000000000020500000000270                         090000000000000000                                                  000000000000161020101                     
1040001300008U 06000000000000000000000000003485000000000000000000000000000000000000000017015000000000017015000000000000000000000000000000200420112504201100002504201100000000000000000000000000000000000000000000000000000000000000000000       
1040001300009T 060000000838500000000   1400000000000263231               20042011000000000018576000015760                         090000000000000000                                                  000000000000161020101                     
1040001300010U 06000000000000000000000000002229000000000000000000000000000000000000000016347000000000016347000000000000000000000000000000200420112504201100002504201100000000000000000000000000000000000000000000000000000000000000000000       
1040001300011T 060000000838500000000   1400000000019862901               20042011000000000019224000013070                         090000000000000000                                                  000000000000161020101                     
1040001300012U 06000000000000000000000000004806000000000000000000000000000000000000000014418000000000014418000000000000000000000000000000200420112504201100002504201100000000000000000000000000000000000000000000000000000000000000000000       
1040001300013T 060000000838500000000   1400000000021211451               20042011000000000018576000031200                         090000000000000000                                                  000000000000161020101                     
1040001300014U 06000000000000000000000000001858000000000000000000000000000000000000000016718000000000016718000000000000000000000000000000200420112504201100002504201100000000000000000000000000000000000000000000000000000000000000000000       
1040001300015T 060000000838500000000   1400000000021213401               20042011000000000018576000031200                         090000000000000000                                                  000000000000161020101                     
1040001300016U 06000000000000000000000000000929000000000000000000000000000000000000000017647000000000017647000000000000000000000000000000200420112504201100002504201100000000000000000000000000000000000000000000000000000000000000000000       
1040001300017T 060000000838500000000   1400000000021530201               20042011000000000017820000017390                         090000000000000000                                                  000000000000161020101                     
1040001300018U 06000000000000000000000000000891000000000000000000000000000000000000000016929000000000016929000000000000000000000000000000200420112504201100002504201100000000000000000000000000000000000000000000000000000000000000000000       
1040001300019T 060000000838500000000   1400000000021540001               20042011000000000017820000015760                         090000000000000000                                                  000000000000161020101                     
1040001300020U 06000000000000000000000000000890000000000000000000000000000000000000000016930000000000016930000000000000000000000000000000200420112504201100002504201100000000000000000000000000000000000000000000000000000000000000000000       
1040001300021T 060000000838500000000   1400000000021725301               20042011000000000021000000015210                         090000000000000000                                                  000000000000161020101                     
1040001300022U 06000000000000000000000000003150000000000000000000000000000000000000000017850000000000017850000000000000000000000000000000200420112504201100002504201100000000000000000000000000000000000000000000000000000000000000000000       
1040001300023T 060000000838500000000   1400000000021954911               20042011000000000018500001029530                         090000000000000000                                                  000000000000326040101                     
1040001300024U 06000000000000000000000000002775000000000000000000000000000000000000000015725000000000015725000000000000000000000000000000200420112504201100002504201100000000000000000000000000000000000000000000000000000000000000000000       
1040001300025T 060000000838500000000   1400000000021983851               30042011000000000020500000000270                         090000000000000000                                                  000000000000161020101                     
1040001300026U 06000000000000000000000000001640000000000000000000000000000000000000000018860000000000018860000000000000000000000000000000200420112504201100002504201100000000000000000000000000000000000000000000000000000000000000000000       
1040001300027T 060000000838500000000   1400000000022269231               20042011000000000019246001029720                         090000000000000000                                                  000000000000326040101                     
1040001300028U 06000000000000000000000000002887000000000000000000000000000000000000000016359000000000016359000000000000000000000000000000200420112504201100002504201100000000000000000000000000000000000000000000000000000000000000000000       
1040001300029T 060000000838500000000   1400000000022277501               20042011000000000019246001026450                         090000000000000000                                                  000000000000326040101                     
1040001300030U 06000000000000000000000000002887000000000000000000000000000000000000000016359000000000016359000000000000000000000000000000200420112504201100002504201100000000000000000000000000000000000000000000000000000000000000000000       
1040001300031T 060000000838500000000   1400000000022601101               20042011000000000018576000031200                         090000000000000000                                                  000000000000161020101                     
1040001300032U 06000000000000000000000000000929000000000000000000000000000000000000000017647000000000017647000000000000000000000000000000200420112504201100002504201100000000000000000000000000000000000000000000000000000000000000000000       
1040001300033T 060000000838500000000   1400000000022846641               20042011000000000018500000015760                         090000000000000000                                                  000000000000161020101                     
1040001300034U 06000000000000000000000000001480000000000000000000000000000000000000000017020000000000017020000000000000000000000000000000200420112504201100002504201100000000000000000000000000000000000000000000000000000000000000000000       
1040001300035T 060000000838500000000   1400000000022856011               20042011000000000020500000000270                         090000000000000000                                                  000000000000161020101                     
1040001300036U 06000000000000000000000000004715000000000000000000000000000000000000000015785000000000015785000000000000000000000000000000200420112504201100002504201100000000000000000000000000000000000000000000000000000000000000000000       
1040001300037T 060000000838500000000   1400000000023327581               20042011000000000021276000015210                         090000000000000000                                                  000000000000161020101                     
1040001300038U 06000000000000000000000000001064000000000000000000000000000000000000000020212000000000020212000000000000000000000000000000200420112504201100002504201100000000000000000000000000000000000000000000000000000000000000000000       
1040001300039T 060000000838500000000   1400000000023480851               20042011000000000022400001016120                         090000000000000000                                                  000000000000326040101                     
1040001300040U 06000000000000000000000000003360000000000000000000000000000000000000000019040000000000019040000000000000000000000000000000200420112504201100002504201100000000000000000000000000000000000000000000000000000000000000000000       
1040001300041T 060000000838500000000   1400000000023528801               20042011000000000022400237010240                         090000000000000000                                                  000000000000326040101                     
1040001300042U 06000000000000000000000000001792000000000000000000000000000000000000000020608000000000020608000000000000000000000000000000200420112504201100002504201100000000000000000000000000000000000000000000000000000000000000000000       
1040001300043T 060000000838500000000   1400000000023619601               20042011000000000024640000015760                         090000000000000000                                                  000000000000161020101                     
1040001300044U 06000000000000000000000000001971000000000000000000000000000000000000000022669000000000022669000000000000000000000000000000200420112504201100002504201100000000000000000000000000000000000000000000000000000000000000000000       
1040001300045T 060000000838500000000   1400000000024161101               20042011000000000020062237013900                         090000000000000000                                                  000000000000326040101                     
1040001300046U 06000000000000000000000000001605000000000000000000000000000000000000000018457000000000018457000000000000000000000000000000200420112504201100002504201100000000000000000000000000000000000000000000000000000000000000000000       
1040001300047T 060000000838500000000   1400000000024184231               20042011000000000019246237011800                         090000000000000000                                                  000000000000326040101                     
1040001300048U 06000000000000000000000000001540000000000000000000000000000000000000000017706000000000017706000000000000000000000000000000200420112504201100002504201100000000000000000000000000000000000000000000000000000000000000000000       
1040001300049T 060000000838500000000   1400000000024473341               20042011000000000015000000015210                         090000000000000000                                                  000000000000161020101                     
1040001300050U 06000000000000000000000000001800000000000000000000000000000000000000000013200000000000013200000000000000000000000000000000200420112504201100002504201100000000000000000000000000000000000000000000000000000000000000000000       
1040001300051T 060000000838500000000  9000000000000000090100000000000000020042011000000000020500000039580000000000000000          090000000000000000                                                  000000000000161020101                     
1040001300052U 06000000000000000000000000003485000000000000000000000000000000000000000017015000000000017015000000000000000000000000000000200420112504201100002504201100000000000000000000000000000000000000000000000000000000000000000000       
1040001300053T 060000000838500000000  9000000000000005849100000000000000020042011000000000020500000039580000000000000000          090000000000000000                                                  000000000000161020101                     
1040001300054U 06000000000000000000000000001640000000000000000000000000000000000000000018860000000000018860000000000000000000000000000000200420112504201100002504201100000000000000000000000000000000000000000000000000000000000000000000       
1040001300055T 060000000838500000000  9000000000000007361100000000000000020042011000000000018576000000270000000000000000          090000000000000000                                                  000000000000161020101                     
1040001300056U 06000000000000000000000000003344000000000000000000000000000000000000000015232000000000015232000000000000000000000000000000200420112504201100002504201100000000000000000000000000000000000000000000000000000000000000000000       
1040001300057T 060000000838500000000  9000000000000011083100000000000000020042011000000000018576000015760000000000000000          090000000000000000                                                  000000000000161020101                     
1040001300058U 06000000000000000000000000001486000000000000000000000000000000000000000017090000000000017090000000000000000000000000000000200420112504201100002504201100000000000000000000000000000000000000000000000000000000000000000000       
1040001300059T 060000000838500000000  9000000000000011580100000000000000020042011000000000020500033033130000000000000000          090000000000000000                                                  000000000000326040101                     
1040001300060U 06000000000000000000000000001640000000000000000000000000000000000000000018860000000000018860000000000000000000000000000000200420112504201100002504201100000000000000000000000000000000000000000000000000000000000000000000       
1040001300061T 280000000838500000000                     0               00000000000000000000000000000000                         000000000000000000                                                  0000000000006240000000000                 
1040001300062U 280000000000000000000000000000000000000000000000000000000000000000000000000000000000000000000000000000000000000000000000002004201100000000000020042011000000000000000                              000                           
10400015         00006400000000000000000000000000000000000000000000000000000000000000000000000000000000000000000000                                                                                                                             
10499999         000001000066                                                                                                                                                                                                                   
