10400000         2023354550001930000000000000000000001521008385000000000CENTRO DE FORMACAO DE ENFERMAGC ECON FEDERAL                          22504201102194600047204000000                    RETORNO-PRODUCAO                  000            
10400011T0100030 20023354550001930000000000000000000001521008385000000000CENTRO DE FORMACAO DE ENFERMAG                                                                                00000472250420110000000000                          00   
1040001300001T 060000000838500000000   1400000000022301061               20042011000000000019246000000270                         090000000000000000                                                  000000000000161020101                     
1040001300002U 06000000000000000000000000000000000000000000000000000000000000000000000019246000000000019246000000000000000000000000000000250420112604201100002604201100000000000000000000000000000000000000000000000000000000000000000000       
1040001300003T 060000000838500000000   240000000000010484100000000000000030042011000000000020500237026170000000000000000          090000000000000000                                                  000000000000326040101                     
1040001300004U 06000000000000000000000000001640000000000000000000000000000000000000000018860000000000018860000000000000000000000000000000250420112604201100002604201100000000000000000000000000000000000000000000000000000000000000000000       
1040001300005T 060000000838500000000   1400000000000209021               20042011000000000020500000017390                         090000000000000000                                                  000000000000161020101                     
1040001300006U 06000000000000750000000000000000000000000000000000000000000000000000000021250000000000021250000000000000000000000000000000250420112604201100002604201100000000000000000000000000000000000000000000000000000000000000000000       
1040001300007T 060000000838500000000   1400000000023515581               20042011000000000022400000013070                         090000000000000000                                                  000000000000161020101                     
1040001300008U 06000000000000000000000000000000000000000000000000000000000000000000000022400000000000022400000000000000000000000000000000250420112604201100002604201100000000000000000000000000000000000000000000000000000000000000000000       
1040001300009T 060000000838500000000   1400000000023489801               20042011000000000019900000015770                         090000000000000000                                                  000000000000161020101                     
1040001300010U 06000000000000000000000000000000000000000000000000000000000000000000000019900000000000019900000000000000000000000000000000250420112604201100002604201100000000000000000000000000000000000000000000000000000000000000000000       
1040001300011T 060000000838500000000   1400000000000269941               20042011000000000020500000016490                         090000000000000000                                                  000000000000161020101                     
1040001300012U 06000000000000750000000000000000000000000000000000000000000000000000000021250000000000021250000000000000000000000000000000250420112604201100002604201100000000000000000000000000000000000000000000000000000000000000000000       
1040001300013T 060000000838500000000   1400000000021228501               30042011000000000018576000013070                         090000000000000000                                                  000000000000161020101                     
1040001300014U 06000000000000000000000000000929000000000000000000000000000000000000000017647000000000017647000000000000000000000000000000250420112604201100002604201100000000000000000000000000000000000000000000000000000000000000000000       
1040001300015T 280000000838500000000                     0               00000000000000000000000000000000                         000000000000000000                                                  0000000000001560000000000                 
1040001300016U 280000000000000000000000000000000000000000000000000000000000000000000000000000000000000000000000000000000000000000000000002504201100000000000025042011000000000000000                              000                           
10400015         00001800000000000000000000000000000000000000000000000000000000000000000000000000000000000000000000                                                                                                                             
10499999         000001000020                                                                                                                                                                                                                   
