10400000         2023354550001930000000000000000000001521008385000000000CENTRO DE FORMACAO DE ENFERMAGC ECON FEDERAL                          22604201101473200047304000000                    RETORNO-PRODUCAO                  000            
10400011T0100030 20023354550001930000000000000000000001521008385000000000CENTRO DE FORMACAO DE ENFERMAG                                                                                00000473260420110000000000                          00   
1040001300001T 060000000838500000000   1400000000021554901               30042011000000000021276000015210                         090000000000000000                                                  000000000000161020101                     
1040001300002U 06000000000000000000000000001076000000000000000000000000000000000000000020200000000000020200000000000000000000000000000000260420112704201100002704201100000000000000000000000000000000000000000000000000000000000000000000       
1040001300003T 060000000838500000000   1400000000023456391               31032011000000000019900000032730                         090000000000000000                                                  000000000000161020101                     
1040001300004U 06000000000002218000000000000000000000000000000000000000000000000000000022118000000000022118000000000000000000000000000000260420112704201100002704201100000000000000000000000000000000000000000000000000000000000000000000       
1040001300005T 060000000838500000000   1400000000023610301               10052011000000000022140000015210                         090000000000000000                                                  000000000000161020101                     
1040001300006U 06000000000000000000000000001771000000000000000000000000000000000000000020369000000000020369000000000000000000000000000000260420112704201100002704201100000000000000000000000000000000000000000000000000000000000000000000       
1040001300007T 060000000838500000000   1400000000023630681               30042011000000000024640000006710                         090000000000000000                                                  000000000000161020101                     
1040001300008U 06000000000000000000000000001971000000000000000000000000000000000000000022669000000000022669000000000000000000000000000000260420112704201100002704201100000000000000000000000000000000000000000000000000000000000000000000       
1040001300009T 280000000838500000000                     0               00000000000000000000000000000000                         000000000000000000                                                  0000000000001040000000000                 
1040001300010U 280000000000000000000000000000000000000000000000000000000000000000000000000000000000000000000000000000000000000000000000002604201100000000000026042011000000000000000                              000                           
10400015         00001200000000000000000000000000000000000000000000000000000000000000000000000000000000000000000000                                                                                                                             
10499999         000001000014                                                                                                                                                                                                                   
