10400000         2023354550001930000000000000000000001521008385000000000CENTRO DE FORMACAO DE ENFERMAGC ECON FEDERAL                          22704201101474000047404000000                    RETORNO-PRODUCAO                  000            
10400011T0100030 20023354550001930000000000000000000001521008385000000000CENTRO DE FORMACAO DE ENFERMAG                                                                                00000474270420110000000000                          00   
1040001300001T 060000000838500000000   1400000000023604761               30042011000000000024640000016490                         090000000000000000                                                  000000000000161020101                     
1040001300002U 06000000000000000000000000001971000000000000000000000000000000000000000022669000000000022669000000000000000000000000000000270420112804201100002804201100000000000000000000000000000000000000000000000000000000000000000000       
1040001300003T 060000000838500000000   240000000000009990100000000000000030042011000000000018576000015210000000000000000          090000000000000000                                                  000000000000161020101                     
1040001300004U 06000000000000000000000000003344000000000000000000000000000000000000000015232000000000015232000000000000000000000000000000270420112804201100002804201100000000000000000000000000000000000000000000000000000000000000000000       
1040001300005T 060000000838500000000  9000000000000003927100000000000000020042011000000000015000000039580000000000000000          090000000000000000                                                  000000000000161020101                     
1040001300006U 06000000000000650000000000000000000000000000000000000000000000000000000015650000000000015650000000000000000000000000000000270420112804201100002804201100000000000000000000000000000000000000000000000000000000000000000000       
1040001300007T 060000000838500000000   1400000000000200151               30042011000000000020500000013070                         090000000000000000                                                  000000000000161020101                     
1040001300008U 06000000000000000000000000004715000000000000000000000000000000000000000015785000000000015785000000000000000000000000000000270420112804201100002804201100000000000000000000000000000000000000000000000000000000000000000000       
1040001300009T 060000000838500000000   1400000000022925001               30042011000000000021076000017390                         090000000000000000                                                  000000000000161020101                     
1040001300010U 06000000000000000000000000002529000000000000000000000000000000000000000018547000000000018547000000000000000000000000000000270420112804201100002804201100000000000000000000000000000000000000000000000000000000000000000000       
1040001300011T 280000000838500000000                     0               00000000000000000000000000000000                         000000000000000000                                                  0000000000000780000000000                 
1040001300012U 280000000000000000000000000000000000000000000000000000000000000000000000000000000000000000000000000000000000000000000000002704201100000000000027042011000000000000000                              000                           
10400015         00001400000000000000000000000000000000000000000000000000000000000000000000000000000000000000000000                                                                                                                             
10499999         000001000016                                                                                                                                                                                                                   
