10400000         2116561060001640000000000000000000001521025052100000000A M A PEREIRA                 C ECON FEDERAL                          21001201102522600001304000000                    RETORNO-PRODUCAO                  000            
10400011T0100030 20116561060001640000000000000000000001521025052100000000A M A PEREIRA                                                                                                 00000013100120110000000000                          00   
1040001300001T 060000002505210000000   1400000000020714821               10012011000000000021000000015760                         090000000000000000                                                  000000000000161020101                     
1040001300002U 06000000000000000000000000003150000000000000000000000000000000000000000017850000000000017850000000000000000000000000000000100120111101201100001101201100000000000000000000000000000000000000000000000000000000000000000000       
1040001300003T 060000002505210000000   1400000000020728961               10012011000000000021000001048630                         090000000000000000                                                  000000000000326040101                     
1040001300004U 06000000000000000000000000003150000000000000000000000000000000000000000017850000000000017850000000000000000000000000000000100120111101201100001101201100000000000000000000000000000000000000000000000000000000000000000000       
1040001300005T 060000002505210000000   1400000000020742011               20012011000000000023000000015760                         090000000000000000                                                  000000000000161020101                     
1040001300006U 06000000000000000000000000001840000000000000000000000000000000000000000021160000000000021160000000000000000000000000000000100120111101201100001101201100000000000000000000000000000000000000000000000000000000000000000000       
1040001300007T 060000002505210000000   1400000000020753641               10012011000000000023000237011230                         090000000000000000                                                  000000000000326040101                     
1040001300008U 06000000000000000000000000001840000000000000000000000000000000000000000021160000000000021160000000000000000000000000000000100120111101201100001101201100000000000000000000000000000000000000000000000000000000000000000000       
1040001300009T 060000002505210000000   1400000000020777231               10012011000000000021000000032730                         090000000000000000                                                  000000000000161020101                     
1040001300010U 06000000000000000000000000001680000000000000000000000000000000000000000019320000000000019320000000000000000000000000000000100120111101201100001101201100000000000000000000000000000000000000000000000000000000000000000000       
1040001300011T 060000002505210000000   1400000000020789591               20012011000000000021000000031200                         090000000000000000                                                  000000000000161020101                     
1040001300012U 06000000000000000000000000001680000000000000000000000000000000000000000019320000000000019320000000000000000000000000000000100120111101201100001101201100000000000000000000000000000000000000000000000000000000000000000000       
1040001300013T 060000002505210000000   1400000000021105501               10012011000000000018500001043230                         090000000000000000                                                  000000000000326040101                     
1040001300014U 06000000000000000000000000002775000000000000000000000000000000000000000015725000000000015725000000000000000000000000000000100120111101201100001101201100000000000000000000000000000000000000000000000000000000000000000000       
1040001300015T 060000002505210000000   1400000000021299871               10012011000000000018500001036490                         090000000000000000                                                  000000000000326040101                     
1040001300016U 06000000000000000000000000000000000000000000000000000000000000000000000018500000000000018500000000000000000000000000000000100120111101201100001101201100000000000000000000000000000000000000000000000000000000000000000000       
1040001300017T 060000002505210000000   1400000000022130741               20012011000000000018576000015760                         090000000000000000                                                  000000000000161020101                     
1040001300018U 06000000000000000000000000001486000000000000000000000000000000000000000017090000000000017090000000000000000000000000000000100120111101201100001101201100000000000000000000000000000000000000000000000000000000000000000000       
1040001300019T 060000002505210000000   1400000000022408881               10012011000000000021276000031200                         090000000000000000                                                  000000000000161020101                     
1040001300020U 06000000000000000000000000001064000000000000000000000000000000000000000020212000000000020212000000000000000000000000000000100120111101201100001101201100000000000000000000000000000000000000000000000000000000000000000000       
1040001300021T 060000002505210000000   1400000000022431271               10012011000000000021076000031200                         090000000000000000                                                  000000000000161020101                     
1040001300022U 06000000000000000000000000001686000000000000000000000000000000000000000019390000000000019390000000000000000000000000000000100120111101201100001101201100000000000000000000000000000000000000000000000000000000000000000000       
1040001300023T 060000002505210000000   1400000000022630471               10012011000000000021076000039580                         090000000000000000                                                  000000000000161020101                     
1040001300024U 06000000000000000000000000001686000000000000000000000000000000000000000019390000000000019390000000000000000000000000000000100120111101201100001101201100000000000000000000000000000000000000000000000000000000000000000000       
1040001300025T 280000002505210000000                     0               00000000000000000000000000000000                         000000000000000000                                                  0000000000003120000000000                 
1040001300026U 280000000000000000000000000000000000000000000000000000000000000000000000000000000000000000000000000000000000000000000000001001201100000000000010012011000000000000000                              000                           
10400015         00002800000000000000000000000000000000000000000000000000000000000000000000000000000000000000000000                                                                                                                             
10499999         000001000030                                                                                                                                                                                                                   
