10400000         2023354550001930000000000000000000001521008385000000000CENTRO DE FORMACAO DE ENFERMAGC ECON FEDERAL                          22804201101475100047504000000                    RETORNO-PRODUCAO                  000            
10400011T0100030 20023354550001930000000000000000000001521008385000000000CENTRO DE FORMACAO DE ENFERMAG                                                                                00000475280420110000000000                          00   
1040001300001T 060000000838500000000   1400000000022161541               30042011000000000018500000015210                         090000000000000000                                                  000000000000161020101                     
1040001300002U 06000000000000000000000000001480000000000000000000000000000000000000000017020000000000017020000000000000000000000000000000280420112904201100002904201100000000000000000000000000000000000000000000000000000000000000000000       
1040001300003T 060000000838500000000   1400000000024470911               30042011000000000015000000015770                         090000000000000000                                                  000000000000161020101                     
1040001300004U 06000000000000000000000000001200000000000000000000000000000000000000000013800000000000013800000000000000000000000000000000280420112904201100002904201100000000000000000000000000000000000000000000000000000000000000000000       
1040001300005T 060000000838500000000  9000000000000010605100000000000000030042011000000000020500000006710000000000000000          090000000000000000                                                  000000000000161020101                     
1040001300006U 06000000000000000000000000004715000000000000000000000000000000000000000015785000000000015785000000000000000000000000000000280420112904201100002904201100000000000000000000000000000000000000000000000000000000000000000000       
1040001300007T 280000000838500000000                     0               00000000000000000000000000000000                         000000000000000000                                                  0000000000000520000000000                 
1040001300008U 280000000000000000000000000000000000000000000000000000000000000000000000000000000000000000000000000000000000000000000000002804201100000000000028042011000000000000000                              000                           
10400015         00001000000000000000000000000000000000000000000000000000000000000000000000000000000000000000000000                                                                                                                             
10499999         000001000012                                                                                                                                                                                                                   
