10400000         2023354550001930000000000000000000001521008385000000000CENTRO DE FORMACAO DE ENFERMAGC ECON FEDERAL                          22904201102073300047604000000                    RETORNO-PRODUCAO                  000            
10400011T0100030 20023354550001930000000000000000000001521008385000000000CENTRO DE FORMACAO DE ENFERMAG                                                                                00000476290420110000000000                          00   
1040001300001T 060000000838500000000   1400000000021981801               30042011000000000020500000014050                         090000000000000000                                                  000000000000320030100                     
1040001300002U 06000000000000000000000000001640000000000000000000000000000000000000000018860000000000018860000000000000000000000000000000290420112904201100002904201100000000000000000000000000000000000000000000000000000000000000000000       
1040001300003T 060000000838500000000   1400000000024481441               30042011000000000015000000014130                         090000000000000000                                                  000000000000161020101                     
1040001300004U 06000000000000000000000000001200000000000000000000000000000000000000000013800000000000013800000000000000000000000000000000290420110205201100000205201100000000000000000000000000000000000000000000000000000000000000000000       
1040001300005T 060000000838500000000  9000000000000004923100000000000000030042011000000000020500000016490000000000000000          090000000000000000                                                  000000000000161020101                     
1040001300006U 06000000000000000000000000003485000000000000000000000000000000000000000017015000000000017015000000000000000000000000000000290420110205201100000205201100000000000000000000000000000000000000000000000000000000000000000000       
1040001300007T 060000000838500000000   1400000000022959681               30042011000000000017820000031200                         090000000000000000                                                  000000000000161020101                     
1040001300008U 06000000000000000000000000000000000000000000000000000000000000000000000017820000000000017820000000000000000000000000000000290420110205201100000205201100000000000000000000000000000000000000000000000000000000000000000000       
1040001300009T 060000000838500000000   1400000000022996021               30042011000000000015000000015210                         090000000000000000                                                  000000000000161020101                     
1040001300010U 06000000000000000000000000001800000000000000000000000000000000000000000013200000000000013200000000000000000000000000000000290420110205201100000205201100000000000000000000000000000000000000000000000000000000000000000000       
1040001300011T 060000000838500000000   1400000000023629591               30042011000000000024640000006710                         090000000000000000                                                  000000000000161020101                     
1040001300012U 06000000000000000000000000001971000000000000000000000000000000000000000022669000000000022669000000000000000000000000000000290420110205201100000205201100000000000000000000000000000000000000000000000000000000000000000000       
1040001300013T 060000000838500000000  9000000000000009666100000000000000030042011000000000018576000015210000000000000000          090000000000000000                                                  000000000000161020101                     
1040001300014U 06000000000000000000000000003344000000000000000000000000000000000000000015232000000000015232000000000000000000000000000000290420110205201100000205201100000000000000000000000000000000000000000000000000000000000000000000       
1040001300015T 060000000838500000000   1400000000022302201               31032011000000000017820000016490                         090000000000000000                                                  000000000000161020101                     
1040001300016U 06000000000002217000000000000000000000000000000000000000000000000000000020037000000000020037000000000000000000000000000000290420110205201100000205201100000000000000000000000000000000000000000000000000000000000000000000       
1040001300017T 060000000838500000000   1400000000023488831               30042011000000000019900000015760                         090000000000000000                                                  000000000000161020101                     
1040001300018U 06000000000000000000000000002985000000000000000000000000000000000000000016915000000000016915000000000000000000000000000000290420110205201100000205201100000000000000000000000000000000000000000000000000000000000000000000       
1040001300019T 060000000838500000000   1400000000000223011               30042011000000000020500001044430                         090000000000000000                                                  000000000000326040101                     
1040001300020U 06000000000000000000000000003485000000000000000000000000000000000000000017015000000000017015000000000000000000000000000000290420110205201100000205201100000000000000000000000000000000000000000000000000000000000000000000       
1040001300021T 060000000838500000000   1400000000023019411               30042011000000000018576000015760                         090000000000000000                                                  000000000000149060101                     
1040001300022U 06000000000000000000000000001486000000000000000000000000000000000000000017090000000000017090000000000000000000000000000000290420110205201100000205201100000000000000000000000000000000000000000000000000000000000000000000       
1040001300023T 060000000838500000000   1400000000024115341               30042011000000000019246000015210                         090000000000000000                                                  000000000000161020101                     
1040001300024U 06000000000000000000000000001540000000000000000000000000000000000000000017706000000000017706000000000000000000000000000000290420110205201100000205201100000000000000000000000000000000000000000000000000000000000000000000       
1040001300025T 060000000838500000000  9000000000000009640100000000000000030042011000000000017820000000270000000000000000          090000000000000000                                                  000000000000161020101                     
1040001300026U 06000000000000000000000000002673000000000000000000000000000000000000000015147000000000015147000000000000000000000000000000290420110205201100000205201100000000000000000000000000000000000000000000000000000000000000000000       
1040001300027T 060000000838500000000   1400000000023516631               30042011000000000019900000000270                         090000000000000000                                                  000000000000161020101                     
1040001300028U 06000000000000000000000000001592000000000000000000000000000000000000000018308000000000018308000000000000000000000000000000290420110205201100000205201100000000000000000000000000000000000000000000000000000000000000000000       
1040001300029T 280000000838500000000                     0               00000000000000000000000000000000                         000000000000000000                                                  0000000000002860000000000                 
1040001300030U 280000000000000000000000000000000000000000000000000000000000000000000000000000000000000000000000000000000000000000000000002904201100000000000029042011000000000000000                              000                           
10400015         00003200000000000000000000000000000000000000000000000000000000000000000000000000000000000000000000                                                                                                                             
10499999         000001000034                                                                                                                                                                                                                   
