10400000         2023354550001930000000000000000000001521008385000000000CENTRO DE FORMACAO DE ENFERMAGC ECON FEDERAL                          20405201101551500047904000000                    RETORNO-PRODUCAO                  000            
10400011T0100030 20023354550001930000000000000000000001521008385000000000CENTRO DE FORMACAO DE ENFERMAG                                                                                00000479040520110000000000                          00   
1040001300001T 060000000838500000000   1400000000023567971               10052011000000000017820000039580                         090000000000000000                                                  000000000000320030100                     
1040001300002U 06000000000000000000000000000891000000000000000000000000000000000000000016929000000000016929000000000000000000000000000000040520110405201100000405201100000000000000000000000000000000000000000000000000000000000000000000       
1040001300003T 060000000838500000000   1400000000000197001               10052011000000000020500000016490                         090000000000000000                                                  000000000000161020101                     
1040001300004U 06000000000000000000000000004715000000000000000000000000000000000000000015785000000000015785000000000000000000000000000000040520110505201100000505201100000000000000000000000000000000000000000000000000000000000000000000       
1040001300005T 060000000838500000000  9000000000000003684100000000000000020042011000000000015000000015210000000000000000          090000000000000000                                                  000000000000161020101                     
1040001300006U 06000000000001000000000000000000000000000000000000000000000000000000000016000000000000016000000000000000000000000000000000040520110505201100000505201100000000000000000000000000000000000000000000000000000000000000000000       
1040001300007T 060000000838500000000   1400000000024475471               30042011000000000015000000014130                         090000000000000000                                                  000000000000161020101                     
1040001300008U 06000000000000500000000000000000000000000000000000000000000000000000000015500000000000015500000000000000000000000000000000040520110505201100000505201100000000000000000000000000000000000000000000000000000000000000000000       
1040001300009T 060000000838500000000   1400000000024111271               10052011000000000019246001029530                         090000000000000000                                                  000000000000326040101                     
1040001300010U 06000000000000000000000000001540000000000000000000000000000000000000000017706000000000017706000000000000000000000000000000040520110505201100000505201100000000000000000000000000000000000000000000000000000000000000000000       
1040001300011T 280000000838500000000                     0               00000000000000000000000000000000                         000000000000000000                                                  0000000000001040000000000                 
1040001300012U 280000000000000000000000000000000000000000000000000000000000000000000000000000000000000000000000000000000000000000000000000405201100000000000004052011000000000000000                              000                           
10400015         00001400000000000000000000000000000000000000000000000000000000000000000000000000000000000000000000                                                                                                                             
10499999         000001000016                                                                                                                                                                                                                   
