10400000         2023354550001930000000000000000000001521008385000000000CENTRO DE FORMACAO DE ENFERMAGC ECON FEDERAL                          20605201101584800048104000000                    RETORNO-PRODUCAO                  000            
10400011T0100030 20023354550001930000000000000000000001521008385000000000CENTRO DE FORMACAO DE ENFERMAG                                                                                00000481060520110000000000                          00   
1040001300001T 060000000838500000000   1400000000021716061               10052011000000000018500000039580                         090000000000000000                                                  000000000000161020101                     
1040001300002U 06000000000000000000000000002775000000000000000000000000000000000000000015725000000000015725000000000000000000000000000000060520110905201100000905201100000000000000000000000000000000000000000000000000000000000000000000       
1040001300003T 060000000838500000000   1400000000023482981               20052011000000000019900000017390                         090000000000000000                                                  000000000000161020101                     
1040001300004U 06000000000000000000000000002985000000000000000000000000000000000000000016915000000000016915000000000000000000000000000000060520110905201100000905201100000000000000000000000000000000000000000000000000000000000000000000       
1040001300005T 060000000838500000000   1400000000000224091               10052011000000000020500000015210                         090000000000000000                                                  000000000000161020101                     
1040001300006U 06000000000000000000000000003485000000000000000000000000000000000000000017015000000000017015000000000000000000000000000000060520110905201100000905201100000000000000000000000000000000000000000000000000000000000000000000       
1040001300007T 060000000838500000000   240000000000035711100000000000000030052011000000000020500000015210000000000000000          090000000000000000                                                  000000000000161020101                     
1040001300008U 06000000000000000000000000001640000000000000000000000000000000000000000018860000000000018860000000000000000000000000000000060520110905201100000905201100000000000000000000000000000000000000000000000000000000000000000000       
1040001300009T 060000000838500000000   1400000000000203681               10052011000000000020500000015760                         090000000000000000                                                  000000000000161020101                     
1040001300010U 06000000000000000000000000004715000000000000000000000000000000000000000015785000000000015785000000000000000000000000000000060520110905201100000905201100000000000000000000000000000000000000000000000000000000000000000000       
1040001300011T 060000000838500000000   240000000000004050100000000000000010052011000000000015000000015210000000000000000          090000000000000000                                                  000000000000161020101                     
1040001300012U 06000000000000000000000000001500000000000000000000000000000000000000000013500000000000013500000000000000000000000000000000060520110905201100000905201100000000000000000000000000000000000000000000000000000000000000000000       
1040001300013T 060000000838500000000   240000000000029401100000000000000010052011000000000020500237026170000000000000000          090000000000000000                                                  000000000000326040101                     
1040001300014U 06000000000000000000000000004715000000000000000000000000000000000000000015785000000000015785000000000000000000000000000000060520110905201100000905201100000000000000000000000000000000000000000000000000000000000000000000       
1040001300015T 060000000838500000000   1400000000022918221               10052011000000000017820000014130                         090000000000000000                                                  000000000000161020101                     
1040001300016U 06000000000000000000000000001426000000000000000000000000000000000000000016394000000000016394000000000000000000000000000000060520110905201100000905201100000000000000000000000000000000000000000000000000000000000000000000       
1040001300017T 280000000838500000000                     0               00000000000000000000000000000000                         000000000000000000                                                  0000000000001300000000000                 
1040001300018U 280000000000000000000000000000000000000000000000000000000000000000000000000000000000000000000000000000000000000000000000000605201100000000000006052011000000000000000                              000                           
10400015         00002000000000000000000000000000000000000000000000000000000000000000000000000000000000000000000000                                                                                                                             
10499999         000001000022                                                                                                                                                                                                                   
