10400000         2023354550001930000000000000000000001521008385000000000CENTRO DE FORMACAO DE ENFERMAGC ECON FEDERAL                          20905201102411900048204000000                    RETORNO-PRODUCAO                  000            
10400011T0100030 20023354550001930000000000000000000001521008385000000000CENTRO DE FORMACAO DE ENFERMAG                                                                                00000482090520110000000000                          00   
1040001300001T 060000000838500000000   240000000000009125100000000000000020052011000000000018576000015770000000000000000          090000000000000000                                                  000000000000161020101                     
1040001300002U 06000000000000000000000000003344000000000000000000000000000000000000000015232000000000015232000000000000000000000000000000090520111005201100001005201100000000000000000000000000000000000000000000000000000000000000000000       
1040001300003T 060000000838500000000   1400000000022030011               10052011000000000017820000014050                         090000000000000000                                                  000000000000161020101                     
1040001300004U 06000000000000000000000000000000000000000000000000000000000000000000000017820000000000017820000000000000000000000000000000090520111005201100001005201100000000000000000000000000000000000000000000000000000000000000000000       
1040001300005T 060000000838500000000  9000000000000010737100000000000000010042011000000000018576000015210000000000000000          090000000000000000                                                  000000000000161020101                     
1040001300006U 06000000000002019000000000000000000000000000000000000000000000000000000020595000000000020595000000000000000000000000000000090520111005201100001005201100000000000000000000000000000000000000000000000000000000000000000000       
1040001300007T 060000000838500000000   1400000000023025141               20052011000000000018576000013070                         090000000000000000                                                  000000000000161020101                     
1040001300008U 06000000000000000000000000001486000000000000000000000000000000000000000017090000000000017090000000000000000000000000000000090520111005201100001005201100000000000000000000000000000000000000000000000000000000000000000000       
1040001300009T 060000000838500000000   1400000000022297361               10052011000000000017820001000220                         090000000000000000                                                  000000000000326040101                     
1040001300010U 06000000000000000000000000000891000000000000000000000000000000000000000016929000000000016929000000000000000000000000000000090520111005201100001005201100000000000000000000000000000000000000000000000000000000000000000000       
1040001300011T 060000000838500000000   1400000000022986221               20052011000000000015000237026170                         090000000000000000                                                  000000000000326040101                     
1040001300012U 06000000000000000000000000001800000000000000000000000000000000000000000013200000000000013200000000000000000000000000000000090520111005201100001005201100000000000000000000000000000000000000000000000000000000000000000000       
1040001300013T 060000000838500000000   1400000000022868611               10052011000000000018500000015210                         090000000000000000                                                  000000000000161020101                     
1040001300014U 06000000000000000000000000002775000000000000000000000000000000000000000015725000000000015725000000000000000000000000000000090520111005201100001005201100000000000000000000000000000000000000000000000000000000000000000000       
1040001300015T 060000000838500000000   1400000000022932991               10052011000000000018576000015210                         090000000000000000                                                  000000000000161020101                     
1040001300016U 06000000000000000000000000002229000000000000000000000000000000000000000016347000000000016347000000000000000000000000000000090520111005201100001005201100000000000000000000000000000000000000000000000000000000000000000000       
1040001300017T 060000000838500000000   1400000000000147401               10052011000000000018576001029530                         090000000000000000                                                  000000000000326040101                     
1040001300018U 06000000000000000000000000002229000000000000000000000000000000000000000016347000000000016347000000000000000000000000000000090520111005201100001005201100000000000000000000000000000000000000000000000000000000000000000000       
1040001300019T 060000000838500000000   1400000000023487941               10052011000000000019900000015210                         090000000000000000                                                  000000000000161020101                     
1040001300020U 06000000000000000000000000002985000000000000000000000000000000000000000016915000000000016915000000000000000000000000000000090520111005201100001005201100000000000000000000000000000000000000000000000000000000000000000000       
1040001300021T 060000000838500000000   240000000000008811100000000000000010052011000000000018576000017390000000000000000          090000000000000000                                                  000000000000161020101                     
1040001300022U 06000000000000000000000000003344000000000000000000000000000000000000000015232000000000015232000000000000000000000000000000090520111005201100001005201100000000000000000000000000000000000000000000000000000000000000000000       
1040001300023T 060000000838500000000   1400000000021159511               20042011000000000019224000015760                         090000000000000000                                                  000000000000161020101                     
1040001300024U 06000000000001657000000000000000000000000000000000000000000000000000000020881000000000020881000000000000000000000000000000090520111005201100001005201100000000000000000000000000000000000000000000000000000000000000000000       
1040001300025T 060000000838500000000   1400000000023471781               10042011000000000019900000015760                         090000000000000000                                                  000000000000161020101                     
1040001300026U 06000000000002428000000000000000000000000000000000000000000000000000000022328000000000022328000000000000000000000000000000090520111005201100001005201100000000000000000000000000000000000000000000000000000000000000000000       
1040001300027T 060000000838500000000   1400000000021336401               10052011000000000017820000014130                         090000000000000000                                                  000000000000161020101                     
1040001300028U 06000000000000000000000000000891000000000000000000000000000000000000000016929000000000016929000000000000000000000000000000090520111005201100001005201100000000000000000000000000000000000000000000000000000000000000000000       
1040001300029T 060000000838500000000   1400000000023525621               10052011000000000019900000015210                         090000000000000000                                                  000000000000161020101                     
1040001300030U 06000000000000000000000000001592000000000000000000000000000000000000000018308000000000018308000000000000000000000000000000090520111005201100001005201100000000000000000000000000000000000000000000000000000000000000000000       
1040001300031T 060000000838500000000  9000000000000007728100000000000000030042011000000000020500000000270000000000000000          090000000000000000                                                  000000000000161020101                     
1040001300032U 06000000000001022000000000000000000000000000000000000000000000000000000021522000000000021522000000000000000000000000000000090520111005201100001005201100000000000000000000000000000000000000000000000000000000000000000000       
1040001300033T 060000000838500000000   1400000000021611551               10052011000000000018500033001860                         090000000000000000                                                  000000000000326040101                     
1040001300034U 06000000000000000000000000000000000000000000000000000000000000000000000018500000000000018500000000000000000000000000000000090520111005201100001005201100000000000000000000000000000000000000000000000000000000000000000000       
1040001300035T 060000000838500000000   1400000000023485901               20052011000000000019900000014130                         090000000000000000                                                  000000000000161020101                     
1040001300036U 06000000000000000000000000002985000000000000000000000000000000000000000016915000000000016915000000000000000000000000000000090520111005201100001005201100000000000000000000000000000000000000000000000000000000000000000000       
1040001300037T 060000000838500000000   1400000000021644051               10052011000000000018500000000270                         090000000000000000                                                  000000000000161020101                     
1040001300038U 06000000000000000000000000002775000000000000000000000000000000000000000015725000000000015725000000000000000000000000000000090520111005201100001005201100000000000000000000000000000000000000000000000000000000000000000000       
1040001300039T 060000000838500000000   1400000000021708981               20052011000000000022140000039580                         090000000000000000                                                  000000000000161020101                     
1040001300040U 06000000000000000000000000001771000000000000000000000000000000000000000020369000000000020369000000000000000000000000000000090520111005201100001005201100000000000000000000000000000000000000000000000000000000000000000000       
1040001300041T 280000000838500000000                     0               00000000000000000000000000000000                         000000000000000000                                                  0000000000004160000000000                 
1040001300042U 280000000000000000000000000000000000000000000000000000000000000000000000000000000000000000000000000000000000000000000000000905201100000000000009052011000000000000000                              000                           
10400015         00004400000000000000000000000000000000000000000000000000000000000000000000000000000000000000000000                                                                                                                             
10499999         000001000046                                                                                                                                                                                                                   
