10400000         2116561060001640000000000000000000001521025052100000000A M A PEREIRA                 C ECON FEDERAL                          21301201101301400001404000000                    RETORNO-PRODUCAO                  000            
10400011T0100030 20116561060001640000000000000000000001521025052100000000A M A PEREIRA                                                                                                 00000014130120110000000000                          00   
1040001300001T 060000002505210000000   1400000000022101211               20012011000000000018576000017390                         090000000000000000                                                  000000000000161020101                     
1040001300002U 06000000000000000000000000001486000000000000000000000000000000000000000017090000000000017090000000000000000000000000000000130120111401201100001401201100000000000000000000000000000000000000000000000000000000000000000000       
1040001300003T 280000002505210000000                     0               00000000000000000000000000000000                         000000000000000000                                                  0000000000000260000000000                 
1040001300004U 280000000000000000000000000000000000000000000000000000000000000000000000000000000000000000000000000000000000000000000000001301201100000000000013012011000000000000000                              000                           
10400015         00000600000000000000000000000000000000000000000000000000000000000000000000000000000000000000000000                                                                                                                             
10499999         000001000008                                                                                                                                                                                                                   
