10400000         2023354550001930000000000000000000001521008385000000000CENTRO DE FORMACAO DE ENFERMAGC ECON FEDERAL                          21005201102115900048304000000                    RETORNO-PRODUCAO                  000            
10400011T0100030 20023354550001930000000000000000000001521008385000000000CENTRO DE FORMACAO DE ENFERMAG                                                                                00000483100520110000000000                          00   
1040001300001T 060000000838500000000   1400000000000148481               10052011000000000018576033043240                         090000000000000000                                                  000000000000326040101                     
1040001300002U 06000000000000000000000000003344000000000000000000000000000000000000000015232000000000015232000000000000000000000000000000100520111105201100001105201100000000000000000000000000000000000000000000000000000000000000000000       
1040001300003T 060000000838500000000   1400000000000160181               10052011000000000020500000015760                         090000000000000000                                                  000000000000161020101                     
1040001300004U 06000000000000000000000000004715000000000000000000000000000000000000000015785000000000015785000000000000000000000000000000100520111105201100001105201100000000000000000000000000000000000000000000000000000000000000000000       
1040001300005T 060000000838500000000   1400000000000165221               10052011000000000020500748020020                         090000000000000000                                                  000000000000326040101                     
1040001300006U 06000000000000000000000000004715000000000000000000000000000000000000000015785000000000015785000000000000000000000000000000100520111105201100001105201100000000000000000000000000000000000000000000000000000000000000000000       
1040001300007T 060000000838500000000   1400000000000204221               10052011000000000020500001036490                         090000000000000000                                                  000000000000326040101                     
1040001300008U 06000000000000000000000000004715000000000000000000000000000000000000000015785000000000015785000000000000000000000000000000100520111105201100001105201100000000000000000000000000000000000000000000000000000000000000000000       
1040001300009T 060000000838500000000   1400000000000270871               10052011000000000018576000000270                         090000000000000000                                                  000000000000161020101                     
1040001300010U 06000000000000000000000000003344000000000000000000000000000000000000000015232000000000015232000000000000000000000000000000100520111105201100001105201100000000000000000000000000000000000000000000000000000000000000000000       
1040001300011T 060000000838500000000   1400000000021653801               20052011000000000018500237010240                         090000000000000000                                                  000000000000326040101                     
1040001300012U 06000000000000000000000000000000000000000000000000000000000000000000000018500000000000018500000000000000000000000000000000100520111105201100001105201100000000000000000000000000000000000000000000000000000000000000000000       
1040001300013T 060000000838500000000   1400000000021653981               20062011000000000018500237010240                         090000000000000000                                                  000000000000326040101                     
1040001300014U 06000000000000000000000000000000000000000000000000000000000000000000000018500000000000018500000000000000000000000000000000100520111105201100001105201100000000000000000000000000000000000000000000000000000000000000000000       
1040001300015T 060000000838500000000   1400000000021683461               10052011000000000017820000020630                         090000000000000000                                                  000000000000161020101                     
1040001300016U 06000000000000000000000000002673000000000000000000000000000000000000000015147000000000015147000000000000000000000000000000100520111105201100001105201100000000000000000000000000000000000000000000000000000000000000000000       
1040001300017T 060000000838500000000   1400000000021963581               10052011000000000018500000016490                         090000000000000000                                                  000000000000161020101                     
1040001300018U 06000000000000000000000000002775000000000000000000000000000000000000000015725000000000015725000000000000000000000000000000100520111105201100001105201100000000000000000000000000000000000000000000000000000000000000000000       
1040001300019T 060000000838500000000   1400000000021965791               10052011000000000018500033033130                         090000000000000000                                                  000000000000326040101                     
1040001300020U 06000000000000000000000000001480000000000000000000000000000000000000000017020000000000017020000000000000000000000000000000100520111105201100001105201100000000000000000000000000000000000000000000000000000000000000000000       
1040001300021T 060000000838500000000   1400000000022316681               10052011000000000018576000016490                         090000000000000000                                                  000000000000161020101                     
1040001300022U 06000000000000000000000000001858000000000000000000000000000000000000000016718000000000016718000000000000000000000000000000100520111105201100001105201100000000000000000000000000000000000000000000000000000000000000000000       
1040001300023T 060000000838500000000   1400000000022334151               10052011000000000018576000016490                         090000000000000000                                                  000000000000161020101                     
1040001300024U 06000000000000000000000000000929000000000000000000000000000000000000000017647000000000017647000000000000000000000000000000100520111105201100001105201100000000000000000000000000000000000000000000000000000000000000000000       
1040001300025T 060000000838500000000   1400000000022722321               10052011000000000019224001014140                         090000000000000000                                                  000000000000326040101                     
1040001300026U 06000000000000000000000000000000000000000000000000000000000000000000000019224000000000019224000000000000000000000000000000100520111105201100001105201100000000000000000000000000000000000000000000000000000000000000000000       
1040001300027T 060000000838500000000   1400000000022988271               10052011000000000015000000015210                         090000000000000000                                                  000000000000161020101                     
1040001300028U 06000000000000000000000000001200000000000000000000000000000000000000000013800000000000013800000000000000000000000000000000100520111105201100001105201100000000000000000000000000000000000000000000000000000000000000000000       
1040001300029T 060000000838500000000   1400000000022990091               10052011000000000015000000006710                         090000000000000000                                                  000000000000161020101                     
1040001300030U 06000000000000000000000000001800000000000000000000000000000000000000000013200000000000013200000000000000000000000000000000100520111105201100001105201100000000000000000000000000000000000000000000000000000000000000000000       
1040001300031T 060000000838500000000   1400000000022990761               10052011000000000015000000017390                         090000000000000000                                                  000000000000149060101                     
1040001300032U 06000000000000000000000000001200000000000000000000000000000000000000000013800000000000013800000000000000000000000000000000100520111105201100001105201100000000000000000000000000000000000000000000000000000000000000000000       
1040001300033T 060000000838500000000   1400000000022991301               31052011000000000015000237026170                         090000000000000000                                                  000000000000326040101                     
1040001300034U 06000000000000000000000000001200000000000000000000000000000000000000000013800000000000013800000000000000000000000000000000100520111105201100001105201100000000000000000000000000000000000000000000000000000000000000000000       
1040001300035T 060000000838500000000   1400000000023406021               10052011000000000019900000015760                         090000000000000000                                                  000000000000149060101                     
1040001300036U 06000000000000000000000000002985000000000000000000000000000000000000000016915000000000016915000000000000000000000000000000100520111105201100001105201100000000000000000000000000000000000000000000000000000000000000000000       
1040001300037T 060000000838500000000   1400000000024107911               10052011000000000019246000014130                         090000000000000000                                                  000000000000161020101                     
1040001300038U 06000000000000000000000000001540000000000000000000000000000000000000000017706000000000017706000000000000000000000000000000100520111105201100001105201100000000000000000000000000000000000000000000000000000000000000000000       
1040001300039T 060000000838500000000   1400000000024178851               10052011000000000019246000015760                         090000000000000000                                                  000000000000161020101                     
1040001300040U 06000000000000000000000000001540000000000000000000000000000000000000000017706000000000017706000000000000000000000000000000100520111105201100001105201100000000000000000000000000000000000000000000000000000000000000000000       
1040001300041T 060000000838500000000   1400000000024424481               10052011000000000015000000015210                         090000000000000000                                                  000000000000161020101                     
1040001300042U 06000000000000000000000000001800000000000000000000000000000000000000000013200000000000013200000000000000000000000000000000100520111105201100001105201100000000000000000000000000000000000000000000000000000000000000000000       
1040001300043T 060000000838500000000   1400000000024472961               10052011000000000015000000015760                         090000000000000000                                                  000000000000161020101                     
1040001300044U 06000000000000000000000000001800000000000000000000000000000000000000000013200000000000013200000000000000000000000000000000100520111105201100001105201100000000000000000000000000000000000000000000000000000000000000000000       
1040001300045T 060000000838500000000   1400000000024473851               20052011000000000015000000015760                         090000000000000000                                                  000000000000161020101                     
1040001300046U 06000000000000000000000000001200000000000000000000000000000000000000000013800000000000013800000000000000000000000000000000100520111105201100001105201100000000000000000000000000000000000000000000000000000000000000000000       
1040001300047T 060000000838500000000   1400000000024484381               20042011000000000015000000015770                         090000000000000000                                                  000000000000161020101                     
1040001300048U 06000000000001300000000000000000000000000000000000000000000000000000000016300000000000016300000000000000000000000000000000100520111105201100001105201100000000000000000000000000000000000000000000000000000000000000000000       
1040001300049T 060000000838500000000   240000000000030442100000000000000010052011000000000020500000015760000000000000000          090000000000000000                                                  000000000000161020101                     
1040001300050U 06000000000000000000000000004715000000000000000000000000000000000000000015785000000000015785000000000000000000000000000000100520111105201100001105201100000000000000000000000000000000000000000000000000000000000000000000       
1040001300051T 060000000838500000000   240000000000032933100000000000000020052011000000000018576000013070000000000000000          090000000000000000                                                  000000000000161020101                     
1040001300052U 06000000000000000000000000003344000000000000000000000000000000000000000015232000000000015232000000000000000000000000000000100520111105201100001105201100000000000000000000000000000000000000000000000000000000000000000000       
1040001300053T 060000000838500000000   240000000000036726100000000000000010052011000000000018576001016390000000000000000          090000000000000000                                                  000000000000326040101                     
1040001300054U 06000000000000000000000000000000000000000000000000000000000000000000000018576000000000018576000000000000000000000000000000100520111105201100001105201100000000000000000000000000000000000000000000000000000000000000000000       
1040001300055T 060000000838500000000   240000000000036874100000000000000010052011000000000018576001027430000000000000000          090000000000000000                                                  000000000000326040101                     
1040001300056U 06000000000000000000000000001486000000000000000000000000000000000000000017090000000000017090000000000000000000000000000000100520111105201100001105201100000000000000000000000000000000000000000000000000000000000000000000       
1040001300057T 060000000838500000000   240000000000039148100000000000000020052011000000000018576000017390000000000000000          090000000000000000                                                  000000000000161020101                     
1040001300058U 06000000000000000000000000001567000000000000000000000000000000000000000017009000000000017009000000000000000000000000000000100520111105201100001105201100000000000000000000000000000000000000000000000000000000000000000000       
1040001300059T 060000000838500000000   240000000000039156100000000000000020062011000000000018576000017390000000000000000          090000000000000000                                                  000000000000161020101                     
1040001300060U 06000000000000000000000000001567000000000000000000000000000000000000000017009000000000017009000000000000000000000000000000100520111105201100001105201100000000000000000000000000000000000000000000000000000000000000000000       
1040001300061T 060000000838500000000   240000000000041320100000000000000010052011000000000018576341056090000000000000000          090000000000000000                                                  000000000000326040101                     
1040001300062U 06000000000000000000000000001486000000000000000000000000000000000000000017090000000000017090000000000000000000000000000000100520111105201100001105201100000000000000000000000000000000000000000000000000000000000000000000       
1040001300063T 060000000838500000000  9000000000000004036100000000000000010052011000000000015000001016380000000000000000          090000000000000000                                                  000000000000326040101                     
1040001300064U 06000000000000000000000000002250000000000000000000000000000000000000000012750000000000012750000000000000000000000000000000100520111105201100001105201100000000000000000000000000000000000000000000000000000000000000000000       
1040001300065T 060000000838500000000  9000000000000013540100000000000000010052011000000000018576000032730000000000000000          090000000000000000                                                  000000000000161020101                     
1040001300066U 06000000000000000000000000002229000000000000000000000000000000000000000016347000000000016347000000000000000000000000000000100520111105201100001105201100000000000000000000000000000000000000000000000000000000000000000000       
1040001300067T 280000000838500000000                     0               00000000000000000000000000000000                         000000000000000000                                                  0000000000006240000000000                 
1040001300068U 280000000000000000000000000000000000000000000000000000000000000000000000000000000000000000000000000000000000000000000000001005201100000000000010052011000000000000000                              000                           
10400015         00007000000000000000000000000000000000000000000000000000000000000000000000000000000000000000000000                                                                                                                             
10499999         000001000072                                                                                                                                                                                                                   
