10400000         2023354550001930000000000000000000001521008385000000000CENTRO DE FORMACAO DE ENFERMAGC ECON FEDERAL                          21205201101570500048504000000                    RETORNO-PRODUCAO                  000            
10400011T0100030 20023354550001930000000000000000000001521008385000000000CENTRO DE FORMACAO DE ENFERMAG                                                                                00000485120520110000000000                          00   
1040001300001T 060000000838500000000   1400000000023593541               31052011000000000020062000015210                         090000000000000000                                                  000000000000161020101                     
1040001300002U 06000000000000000000000000001605000000000000000000000000000000000000000018457000000000018457000000000000000000000000000000120520111305201100001305201100000000000000000000000000000000000000000000000000000000000000000000       
1040001300003T 060000000838500000000   1400000000023630761               31052011000000000022140000006710                         090000000000000000                                                  000000000000161020101                     
1040001300004U 06000000000000000000000000001771000000000000000000000000000000000000000020369000000000020369000000000000000000000000000000120520111305201100001305201100000000000000000000000000000000000000000000000000000000000000000000       
1040001300005T 280000000838500000000                     0               00000000000000000000000000000000                         000000000000000000                                                  0000000000000520000000000                 
1040001300006U 280000000000000000000000000000000000000000000000000000000000000000000000000000000000000000000000000000000000000000000000001205201100000000000012052011000000000000000                              000                           
10400015         00000800000000000000000000000000000000000000000000000000000000000000000000000000000000000000000000                                                                                                                             
10499999         000001000010                                                                                                                                                                                                                   
