10400000         2023354550001930000000000000000000001521008385000000000CENTRO DE FORMACAO DE ENFERMAGC ECON FEDERAL                          21305201101480900048604000000                    RETORNO-PRODUCAO                  000            
10400011T0100030 20023354550001930000000000000000000001521008385000000000CENTRO DE FORMACAO DE ENFERMAG                                                                                00000486130520110000000000                          00   
1040001300001T 060000000838500000000   1400000000022939221               10052011000000000017820000031200                         090000000000000000                                                  000000000000161020101                     
1040001300002U 06000000000000000000000000000000000000000000000000000000000000000000000017820000000000017820000000000000000000000000000000130520111605201100001605201100000000000000000000000000000000000000000000000000000000000000000000       
1040001300003T 060000000838500000000   1400000000021572201               20052011000000000018500000013070                         090000000000000000                                                  000000000000161020101                     
1040001300004U 06000000000000000000000000001480000000000000000000000000000000000000000017020000000000017020000000000000000000000000000000130520111605201100001605201100000000000000000000000000000000000000000000000000000000000000000000       
1040001300005T 060000000838500000000   1400000000022936551               20052011000000000017820000017390                         090000000000000000                                                  000000000000161020101                     
1040001300006U 06000000000000000000000000001426000000000000000000000000000000000000000016394000000000016394000000000000000000000000000000130520111605201100001605201100000000000000000000000000000000000000000000000000000000000000000000       
1040001300007T 060000000838500000000   1400000000022857091               20052011000000000018500341011400                         090000000000000000                                                  000000000000326040101                     
1040001300008U 06000000000000000000000000000000000000000000000000000000000000000000000018500000000000018500000000000000000000000000000000130520111605201100001605201100000000000000000000000000000000000000000000000000000000000000000000       
1040001300009T 060000000838500000000   1400000000022024041               20052011000000000023000000013070                         090000000000000000                                                  000000000000149060101                     
1040001300010U 06000000000000000000000000001840000000000000000000000000000000000000000021160000000000021160000000000000000000000000000000130520111605201100001605201100000000000000000000000000000000000000000000000000000000000000000000       
1040001300011T 060000000838500000000   1400000000000212831               20052011000000000020500000039580                         090000000000000000                                                  000000000000161020101                     
1040001300012U 06000000000000000000000000004715000000000000000000000000000000000000000015785000000000015785000000000000000000000000000000130520111605201100001605201100000000000000000000000000000000000000000000000000000000000000000000       
1040001300013T 280000000838500000000                     0               00000000000000000000000000000000                         000000000000000000                                                  0000000000001560000000000                 
1040001300014U 280000000000000000000000000000000000000000000000000000000000000000000000000000000000000000000000000000000000000000000000001305201100000000000013052011000000000000000                              000                           
10400015         00001600000000000000000000000000000000000000000000000000000000000000000000000000000000000000000000                                                                                                                             
10499999         000001000018                                                                                                                                                                                                                   
