10400000         2023354550001930000000000000000000001521008385000000000CENTRO DE FORMACAO DE ENFERMAGC ECON FEDERAL                          21605201102454300048704000000                    RETORNO-PRODUCAO                  000            
10400011T0100030 20023354550001930000000000000000000001521008385000000000CENTRO DE FORMACAO DE ENFERMAG                                                                                00000487160520110000000000                          00   
1040001300001T 060000000838500000000  9000000000000013841100000000000000020052011000000000018576000013070000000000000000          090000000000000000                                                  000000000000161020101                     
1040001300002U 06000000000000000000000000001486000000000000000000000000000000000000000017090000000000017090000000000000000000000000000000160520111705201100001705201100000000000000000000000000000000000000000000000000000000000000000000       
1040001300003T 060000000838500000000   1400000000023552271               20052011000000000018576000017390                         090000000000000000                                                  000000000000161020101                     
1040001300004U 06000000000000000000000000001486000000000000000000000000000000000000000017090000000000017090000000000000000000000000000000160520111705201100001705201100000000000000000000000000000000000000000000000000000000000000000000       
1040001300005T 060000000838500000000   1400000000022319781               20052011000000000018576000014130                         090000000000000000                                                  000000000000161020101                     
1040001300006U 06000000000000000000000000000929000000000000000000000000000000000000000017647000000000017647000000000000000000000000000000160520111705201100001705201100000000000000000000000000000000000000000000000000000000000000000000       
1040001300007T 060000000838500000000   1400000000022240251               20062011000000000020062000015760                         090000000000000000                                                  000000000000161020101                     
1040001300008U 06000000000000000000000000001605000000000000000000000000000000000000000018457000000000018457000000000000000000000000000000160520111705201100001705201100000000000000000000000000000000000000000000000000000000000000000000       
1040001300009T 280000000838500000000                     0               00000000000000000000000000000000                         000000000000000000                                                  0000000000000780000000000                 
1040001300010U 280000000000000000000000000000000000000000000000000000000000000000000000000000000000000000000000000000000000000000000000001605201100000000000016052011000000000000000                              000                           
10400015         00001200000000000000000000000000000000000000000000000000000000000000000000000000000000000000000000                                                                                                                             
10499999         000001000014                                                                                                                                                                                                                   
