10400000         2023354550001930000000000000000000001521008385000000000CENTRO DE FORMACAO DE ENFERMAGC ECON FEDERAL                          21901201101380800041104000000                    RETORNO-PRODUCAO                  000            
10400011T0100030 20023354550001930000000000000000000001521008385000000000CENTRO DE FORMACAO DE ENFERMAG                                                                                00000411190120110000000000                          00   
1040001300001T 060000000838500000000   1400000000021784061               20012011000000000021000000031200                         090000000000000000                                                  000000000000320030100                     
1040001300002U 06000000000000000000000000003150000000000000000000000000000000000000000017850000000000017850000000000000000000000000000000190120111901201100001901201100000000000000000000000000000000000000000000000000000000000000000000       
1040001300003T 060000000838500000000   1400000000022067101               20012011000000000017820000015770                         090000000000000000                                                  000000000000320030100                     
1040001300004U 06000000000000000000000000002673000000000000000000000000000000000000000015147000000000015147000000000000000000000000000000190120111901201100001901201100000000000000000000000000000000000000000000000000000000000000000000       
1040001300005T 060000000838500000000   1400000000020500001               20012011000000000018500000015760                         090000000000000000                                                  000000000000161020101                     
1040001300006U 06000000000000000000000000002775000000000000000000000000000000000000000015725000000000015725000000000000000000000000000000190120112001201100002001201100000000000000000000000000000000000000000000000000000000000000000000       
1040001300007T 060000000838500000000   1400000000021970361               31012011000000000018500000015210                         090000000000000000                                                  000000000000161020101                     
1040001300008U 06000000000000000000000000000925000000000000000000000000000000000000000017575000000000017575000000000000000000000000000000190120112001201100002001201100000000000000000000000000000000000000000000000000000000000000000000       
1040001300009T 060000000838500000000   1400000000022275391               20012011000000000019224000007680                         090000000000000000                                                  000000000000161020101                     
1040001300010U 06000000000000000000000000000961000000000000000000000000000000000000000018263000000000018263000000000000000000000000000000190120112001201100002001201100000000000000000000000000000000000000000000000000000000000000000000       
1040001300011T 060000000838500000000   1400000000022295741               20012011000000000019246237010370                         090000000000000000                                                  000000000000326040101                     
1040001300012U 06000000000000000000000000001540000000000000000000000000000000000000000017706000000000017706000000000000000000000000000000190120112001201100002001201100000000000000000000000000000000000000000000000000000000000000000000       
1040001300013T 060000000838500000000   1400000000022600801               20012011000000000018576000031200                         090000000000000000                                                  000000000000161020101                     
1040001300014U 06000000000000000000000000000929000000000000000000000000000000000000000017647000000000017647000000000000000000000000000000190120112001201100002001201100000000000000000000000000000000000000000000000000000000000000000000       
1040001300015T 060000000838500000000   1400000000022998231               20012011000000000015000000015210                         090000000000000000                                                  000000000000161020101                     
1040001300016U 06000000000000000000000000001200000000000000000000000000000000000000000013800000000000013800000000000000000000000000000000190120112001201100002001201100000000000000000000000000000000000000000000000000000000000000000000       
1040001300017T 280000000838500000000                     0               00000000000000000000000000000000                         000000000000000000                                                  0000000000002080000000000                 
1040001300018U 280000000000000000000000000000000000000000000000000000000000000000000000000000000000000000000000000000000000000000000000001901201100000000000019012011000000000000000                              000                           
10400015         00002000000000000000000000000000000000000000000000000000000000000000000000000000000000000000000000                                                                                                                             
10499999         000001000022                                                                                                                                                                                                                   
