10400000         2023354550001930000000000000000000001521008385000000000CENTRO DE FORMACAO DE ENFERMAGC ECON FEDERAL                          21805201101454400048904000000                    RETORNO-PRODUCAO                  000            
10400011T0100030 20023354550001930000000000000000000001521008385000000000CENTRO DE FORMACAO DE ENFERMAG                                                                                00000489180520110000000000                          00   
1040001300001T 060000000838500000000   1400000000023027861               10052011000000000018576000016490                         090000000000000000                                                  000000000000320030100                     
1040001300002U 06000000000000860000000000000000000000000000000000000000000000000000000019436000000000019436000000000000000000000000000000180520111805201100001805201100000000000000000000000000000000000000000000000000000000000000000000       
1040001300003T 060000000838500000000   1400000000021561431               20052011000000000021276000015210                         090000000000000000                                                  000000000000161020101                     
1040001300004U 06000000000000000000000000000000000000000000000000000000000000000000000021276000000000021276000000000000000000000000000000180520111905201100001905201100000000000000000000000000000000000000000000000000000000000000000000       
1040001300005T 060000000838500000000   240000000000008919100000000000000020052011000000000018576001016390000000000000000          090000000000000000                                                  000000000000326040101                     
1040001300006U 06000000000000000000000000005573000000000000000000000000000000000000000013003000000000013003000000000000000000000000000000180520111905201100001905201100000000000000000000000000000000000000000000000000000000000000000000       
1040001300007T 060000000838500000000   240000000000042025100000000000000020052011000000000018576000015760000000000000000          090000000000000000                                                  000000000000161020101                     
1040001300008U 06000000000000000000000000001486000000000000000000000000000000000000000017090000000000017090000000000000000000000000000000180520111905201100001905201100000000000000000000000000000000000000000000000000000000000000000000       
1040001300009T 060000000838500000000   1400000000022283811               20042011000000000019224000031200                         090000000000000000                                                  000000000000161020101                     
1040001300010U 06000000000000000000000000000000000000000000000000000000000000000000000019224000000000019224000000000000000000000000000000180520111905201100001905201100000000000000000000000000000000000000000000000000000000000000000000       
1040001300011T 060000000838500000000   1400000000023467671               20052011000000000019900000015760                         090000000000000000                                                  000000000000161020101                     
1040001300012U 06000000000000000000000000002985000000000000000000000000000000000000000016915000000000016915000000000000000000000000000000180520111905201100001905201100000000000000000000000000000000000000000000000000000000000000000000       
1040001300013T 060000000838500000000  9000000000000005784100000000000000020052011000000000020500000000270000000000000000          090000000000000000                                                  000000000000161020101                     
1040001300014U 06000000000000000000000000003485000000000000000000000000000000000000000017015000000000017015000000000000000000000000000000180520111905201100001905201100000000000000000000000000000000000000000000000000000000000000000000       
1040001300015T 280000000838500000000                     0               00000000000000000000000000000000                         000000000000000000                                                  0000000000001040000000000                 
1040001300016U 280000000000000000000000000000000000000000000000000000000000000000000000000000000000000000000000000000000000000000000000001805201100000000000018052011000000000000000                              000                           
10400015         00001800000000000000000000000000000000000000000000000000000000000000000000000000000000000000000000                                                                                                                             
10499999         000001000020                                                                                                                                                                                                                   
