10400000         2023354550001930000000000000000000001521008385000000000CENTRO DE FORMACAO DE ENFERMAGC ECON FEDERAL                          21905201101370200049004000000                    RETORNO-PRODUCAO                  000            
10400011T0100030 20023354550001930000000000000000000001521008385000000000CENTRO DE FORMACAO DE ENFERMAG                                                                                00000490190520110000000000                          00   
1040001300001T 060000000838500000000   1400000000000270011               20052011000000000020500000016490                         090000000000000000                                                  000000000000161020101                     
1040001300002U 06000000000000000000000000004715000000000000000000000000000000000000000015785000000000015785000000000000000000000000000000190520112005201100002005201100000000000000000000000000000000000000000000000000000000000000000000       
1040001300003T 060000000838500000000   1400000000022973401               31052011000000000015000000017390                         090000000000000000                                                  000000000000161020101                     
1040001300004U 06000000000000000000000000001800000000000000000000000000000000000000000013200000000000013200000000000000000000000000000000190520112005201100002005201100000000000000000000000000000000000000000000000000000000000000000000       
1040001300005T 060000000838500000000   1400000000000199201               20052011000000000020500001000200                         090000000000000000                                                  000000000000326040101                     
1040001300006U 06000000000000000000000000004715000000000000000000000000000000000000000015785000000000015785000000000000000000000000000000190520112005201100002005201100000000000000000000000000000000000000000000000000000000000000000000       
1040001300007T 060000000838500000000  9000000000000005482100000000000000020052011000000000020500000015760000000000000000          090000000000000000                                                  000000000000161020101                     
1040001300008U 06000000000000000000000000003485000000000000000000000000000000000000000017015000000000017015000000000000000000000000000000190520112005201100002005201100000000000000000000000000000000000000000000000000000000000000000000       
1040001300009T 060000000838500000000   1400000000022339111               20052011000000000018576000000270                         090000000000000000                                                  000000000000161020101                     
1040001300010U 06000000000000000000000000000929000000000000000000000000000000000000000017647000000000017647000000000000000000000000000000190520112005201100002005201100000000000000000000000000000000000000000000000000000000000000000000       
1040001300011T 060000000838500000000   1400000000022275711               20052011000000000019224000007680                         090000000000000000                                                  000000000000161020101                     
1040001300012U 06000000000000000000000000000961000000000000000000000000000000000000000018263000000000018263000000000000000000000000000000190520112005201100002005201100000000000000000000000000000000000000000000000000000000000000000000       
1040001300013T 060000000838500000000   1400000000021530391               20052011000000000017820000017390                         090000000000000000                                                  000000000000161020101                     
1040001300014U 06000000000000000000000000000891000000000000000000000000000000000000000016929000000000016929000000000000000000000000000000190520112005201100002005201100000000000000000000000000000000000000000000000000000000000000000000       
1040001300015T 060000000838500000000   240000000000032860100000000000000030052011000000000018576000015210000000000000000          090000000000000000                                                  000000000000161020101                     
1040001300016U 06000000000000000000000000003344000000000000000000000000000000000000000015232000000000015232000000000000000000000000000000190520112005201100002005201100000000000000000000000000000000000000000000000000000000000000000000       
1040001300017T 280000000838500000000                     0               00000000000000000000000000000000                         000000000000000000                                                  0000000000001560000000000                 
1040001300018U 280000000000000000000000000000000000000000000000000000000000000000000000000000000000000000000000000000000000000000000000001905201100000000000019052011000000000000000                              000                           
10400015         00002000000000000000000000000000000000000000000000000000000000000000000000000000000000000000000000                                                                                                                             
10499999         000001000022                                                                                                                                                                                                                   
