10400000         2023354550001930000000000000000000001521008385000000000CENTRO DE FORMACAO DE ENFERMAGC ECON FEDERAL                          21705201101512300048804000000                    RETORNO-PRODUCAO                  000            
10400011T0100030 20023354550001930000000000000000000001521008385000000000CENTRO DE FORMACAO DE ENFERMAG                                                                                00000488170520110000000000                          00   
1040001300001T 060000000838500000000   1400000000021725481               20052011000000000018500001026450                         090000000000000000                                                  000000000000326040101                     
1040001300002U 06000000000000000000000000002775000000000000000000000000000000000000000015725000000000015725000000000000000000000000000000170520111805201100001805201100000000000000000000000000000000000000000000000000000000000000000000       
1040001300003T 060000000838500000000   1400000000022001691               20052011000000000023000000015210                         090000000000000000                                                  000000000000161020101                     
1040001300004U 06000000000000000000000000001840000000000000000000000000000000000000000021160000000000021160000000000000000000000000000000170520111805201100001805201100000000000000000000000000000000000000000000000000000000000000000000       
1040001300005T 060000000838500000000   1400000000022938331               31052011000000000017820000000270                         090000000000000000                                                  000000000000161020101                     
1040001300006U 06000000000000000000000000001426000000000000000000000000000000000000000016394000000000016394000000000000000000000000000000170520111805201100001805201100000000000000000000000000000000000000000000000000000000000000000000       
1040001300007T 060000000838500000000   1400000000022949371               20052011000000000017820000013070                         090000000000000000                                                  000000000000161020101                     
1040001300008U 06000000000000000000000000001426000000000000000000000000000000000000000016394000000000016394000000000000000000000000000000170520111805201100001805201100000000000000000000000000000000000000000000000000000000000000000000       
1040001300009T 060000000838500000000   1400000000024471301               20042011000000000015000000032730                         090000000000000000                                                  000000000000161020101                     
1040001300010U 06000000000001650000000000000000000000000000000000000000000000000000000016650000000000016650000000000000000000000000000000170520111805201100001805201100000000000000000000000000000000000000000000000000000000000000000000       
1040001300011T 060000000838500000000   1400000000024477841               20052011000000000015000000015210                         090000000000000000                                                  000000000000161020101                     
1040001300012U 06000000000000000000000000001200000000000000000000000000000000000000000013800000000000013800000000000000000000000000000000170520111805201100001805201100000000000000000000000000000000000000000000000000000000000000000000       
1040001300013T 060000000838500000000   1400000000024482411               10052011000000000015000000006710                         090000000000000000                                                  000000000000161020101                     
1040001300014U 06000000000000650000000000000000000000000000000000000000000000000000000015650000000000015650000000000000000000000000000000170520111805201100001805201100000000000000000000000000000000000000000000000000000000000000000000       
1040001300015T 060000000838500000000   240000000000028189100000000000000030042011000000000018576000015760000000000000000          090000000000000000                                                  000000000000161020101                     
1040001300016U 06000000000001409000000000000000000000000000000000000000000000000000000019985000000000019985000000000000000000000000000000170520111805201100001805201100000000000000000000000000000000000000000000000000000000000000000000       
1040001300017T 060000000838500000000  9000000000000003692100000000000000020052011000000000015000000000270000000000000000          090000000000000000                                                  000000000000161020101                     
1040001300018U 06000000000000000000000000001200000000000000000000000000000000000000000013800000000000013800000000000000000000000000000000170520111805201100001805201100000000000000000000000000000000000000000000000000000000000000000000       
1040001300019T 060000000838500000000  9000000000000008635100000000000000020032011000000000018576000000270000000000000000          090000000000000000                                                  000000000000161020101                     
1040001300020U 06000000000003910000000000000000000000000000000000000000000000000000000022486000000000022486000000000000000000000000000000170520111805201100001805201100000000000000000000000000000000000000000000000000000000000000000000       
1040001300021T 060000000838500000000  9000000000000011946100000000000000020052011000000000018576000039580000000000000000          090000000000000000                                                  000000000000161020101                     
1040001300022U 06000000000000000000000000003344000000000000000000000000000000000000000015232000000000015232000000000000000000000000000000170520111805201100001805201100000000000000000000000000000000000000000000000000000000000000000000       
1040001300023T 280000000838500000000                     0               00000000000000000000000000000000                         000000000000000000                                                  0000000000001820000000000                 
1040001300024U 280000000000000000000000000000000000000000000000000000000000000000000000000000000000000000000000000000000000000000000000001705201100000000000017052011000000000000000                              000                           
10400015         00002600000000000000000000000000000000000000000000000000000000000000000000000000000000000000000000                                                                                                                             
10499999         000001000028                                                                                                                                                                                                                   
