10400000         2023354550001930000000000000000000001521008385000000000CENTRO DE FORMACAO DE ENFERMAGC ECON FEDERAL                          22005201101382900049104000000                    RETORNO-PRODUCAO                  000            
10400011T0100030 20023354550001930000000000000000000001521008385000000000CENTRO DE FORMACAO DE ENFERMAG                                                                                00000491200520110000000000                          00   
1040001300001T 060000000838500000000   1400000000000166201               20052011000000000020500000000270                         090000000000000000                                                  000000000000161020101                     
1040001300002U 06000000000000000000000000004715000000000000000000000000000000000000000015785000000000015785000000000000000000000000000000200520112305201100002305201100000000000000000000000000000000000000000000000000000000000000000000       
1040001300003T 060000000838500000000   1400000000000176771               20052011000000000020500237021210                         090000000000000000                                                  000000000000326040101                     
1040001300004U 06000000000000000000000000004715000000000000000000000000000000000000000015785000000000015785000000000000000000000000000000200520112305201100002305201100000000000000000000000000000000000000000000000000000000000000000000       
1040001300005T 060000000838500000000   1400000000000184101               20052011000000000020500000015210                         090000000000000000                                                  000000000000161020101                     
1040001300006U 06000000000000000000000000004715000000000000000000000000000000000000000015785000000000015785000000000000000000000000000000200520112305201100002305201100000000000000000000000000000000000000000000000000000000000000000000       
1040001300007T 060000000838500000000   1400000000000209101               20052011000000000020500000015210                         090000000000000000                                                  000000000000161020101                     
1040001300008U 06000000000000000000000000003485000000000000000000000000000000000000000017015000000000017015000000000000000000000000000000200520112305201100002305201100000000000000000000000000000000000000000000000000000000000000000000       
1040001300009T 060000000838500000000   1400000000021784491               20052011000000000018500000031200                         090000000000000000                                                  000000000000161020101                     
1040001300010U 06000000000000000000000000002775000000000000000000000000000000000000000015725000000000015725000000000000000000000000000000200520112305201100002305201100000000000000000000000000000000000000000000000000000000000000000000       
1040001300011T 060000000838500000000   1400000000021954081               20052011000000000018500000015770                         090000000000000000                                                  000000000000161020101                     
1040001300012U 06000000000000000000000000002775000000000000000000000000000000000000000015725000000000015725000000000000000000000000000000200520112305201100002305201100000000000000000000000000000000000000000000000000000000000000000000       
1040001300013T 060000000838500000000   1400000000021955051               20052011000000000018500001029530                         090000000000000000                                                  000000000000326040101                     
1040001300014U 06000000000000000000000000002775000000000000000000000000000000000000000015725000000000015725000000000000000000000000000000200520112305201100002305201100000000000000000000000000000000000000000000000000000000000000000000       
1040001300015T 060000000838500000000   1400000000022064501               20052011000000000017820001016130                         090000000000000000                                                  000000000000326040101                     
1040001300016U 06000000000000000000000000002673000000000000000000000000000000000000000015147000000000015147000000000000000000000000000000200520112305201100002305201100000000000000000000000000000000000000000000000000000000000000000000       
1040001300017T 060000000838500000000   1400000000022601291               20052011000000000018576000031200                         090000000000000000                                                  000000000000161020101                     
1040001300018U 06000000000000000000000000000929000000000000000000000000000000000000000017647000000000017647000000000000000000000000000000200520112305201100002305201100000000000000000000000000000000000000000000000000000000000000000000       
1040001300019T 060000000838500000000   1400000000022856101               20052011000000000020500000000270                         090000000000000000                                                  000000000000161020101                     
1040001300020U 06000000000000000000000000004715000000000000000000000000000000000000000015785000000000015785000000000000000000000000000000200520112305201100002305201100000000000000000000000000000000000000000000000000000000000000000000       
1040001300021T 060000000838500000000   1400000000022998071               20052011000000000015000000006710                         090000000000000000                                                  000000000000161020101                     
1040001300022U 06000000000000000000000000001800000000000000000000000000000000000000000013200000000000013200000000000000000000000000000000200520112305201100002305201100000000000000000000000000000000000000000000000000000000000000000000       
1040001300023T 060000000838500000000   1400000000023480931               20052011000000000019900000032730                         090000000000000000                                                  000000000000161020101                     
1040001300024U 06000000000000000000000000002985000000000000000000000000000000000000000016915000000000016915000000000000000000000000000000200520112305201100002305201100000000000000000000000000000000000000000000000000000000000000000000       
1040001300025T 060000000838500000000   1400000000023489991               20052011000000000019900000015770                         090000000000000000                                                  000000000000161020101                     
1040001300026U 06000000000000000000000000002985000000000000000000000000000000000000000016915000000000016915000000000000000000000000000000200520112305201100002305201100000000000000000000000000000000000000000000000000000000000000000000       
1040001300027T 060000000838500000000   1400000000023515661               20052011000000000019900000013070                         090000000000000000                                                  000000000000161020101                     
1040001300028U 06000000000000000000000000001592000000000000000000000000000000000000000018308000000000018308000000000000000000000000000000200520112305201100002305201100000000000000000000000000000000000000000000000000000000000000000000       
1040001300029T 060000000838500000000   1400000000023528991               20052011000000000019900237013190                         090000000000000000                                                  000000000000326040101                     
1040001300030U 06000000000000000000000000001592000000000000000000000000000000000000000018308000000000018308000000000000000000000000000000200520112305201100002305201100000000000000000000000000000000000000000000000000000000000000000000       
1040001300031T 060000000838500000000   1400000000023619791               20052011000000000022140000015760                         090000000000000000                                                  000000000000161020101                     
1040001300032U 06000000000000000000000000001771000000000000000000000000000000000000000020369000000000020369000000000000000000000000000000200520112305201100002305201100000000000000000000000000000000000000000000000000000000000000000000       
1040001300033T 060000000838500000000   1400000000024184311               20052011000000000019246237011800                         090000000000000000                                                  000000000000326040101                     
1040001300034U 06000000000000000000000000001540000000000000000000000000000000000000000017706000000000017706000000000000000000000000000000200520112305201100002305201100000000000000000000000000000000000000000000000000000000000000000000       
1040001300035T 060000000838500000000   1400000000024464601               20052011000000000022176237021210                         090000000000000000                                                  000000000000326040101                     
1040001300036U 06000000000000000000000000000000000000000000000000000000000000000000000022176000000000022176000000000000000000000000000000200520112305201100002305201100000000000000000000000000000000000000000000000000000000000000000000       
1040001300037T 060000000838500000000   1400000000024473421               20052011000000000015000000013070                         090000000000000000                                                  000000000000161020101                     
1040001300038U 06000000000000000000000000001800000000000000000000000000000000000000000013200000000000013200000000000000000000000000000000200520112305201100002305201100000000000000000000000000000000000000000000000000000000000000000000       
1040001300039T 060000000838500000000   1400000000024484461               20052011000000000015000000015770                         090000000000000000                                                  000000000000161020101                     
1040001300040U 06000000000000000000000000001200000000000000000000000000000000000000000013800000000000013800000000000000000000000000000000200520112305201100002305201100000000000000000000000000000000000000000000000000000000000000000000       
1040001300041T 060000000838500000000   240000000000039075100000000000000020052011000000000018576000014050000000000000000          090000000000000000                                                  000000000000161020101                     
1040001300042U 06000000000000000000000000001486000000000000000000000000000000000000000017090000000000017090000000000000000000000000000000200520112305201100002305201100000000000000000000000000000000000000000000000000000000000000000000       
1040001300043T 060000000838500000000   240000000000042106100000000000000020052011000000000018576000014050000000000000000          090000000000000000                                                  000000000000161020101                     
1040001300044U 06000000000000000000000000001486000000000000000000000000000000000000000017090000000000017090000000000000000000000000000000200520112305201100002305201100000000000000000000000000000000000000000000000000000000000000000000       
1040001300045T 060000000838500000000   240000000000042173100000000000000030052011000000000018576000015210000000000000000          090000000000000000                                                  000000000000161020101                     
1040001300046U 06000000000000000000000000001486000000000000000000000000000000000000000017090000000000017090000000000000000000000000000000200520112305201100002305201100000000000000000000000000000000000000000000000000000000000000000000       
1040001300047T 060000000838500000000  9000000000000000103100000000000000020052011000000000020500000017390000000000000000          090000000000000000                                                  000000000000161020101                     
1040001300048U 06000000000000000000000000003485000000000000000000000000000000000000000017015000000000017015000000000000000000000000000000200520112305201100002305201100000000000000000000000000000000000000000000000000000000000000000000       
1040001300049T 060000000838500000000  9000000000000007388100000000000000020052011000000000018576341003650000000000000000          090000000000000000                                                  000000000000326040101                     
1040001300050U 06000000000000000000000000003344000000000000000000000000000000000000000015232000000000015232000000000000000000000000000000200520112305201100002305201100000000000000000000000000000000000000000000000000000000000000000000       
1040001300051T 060000000838500000000  9000000000000007469100000000000000020052011000000000017820000032730000000000000000          090000000000000000                                                  000000000000161020101                     
1040001300052U 06000000000000000000000000002673000000000000000000000000000000000000000015147000000000015147000000000000000000000000000000200520112305201100002305201100000000000000000000000000000000000000000000000000000000000000000000       
1040001300053T 060000000838500000000  9000000000000007922100000000000000020042011000000000020500000016490000000000000000          090000000000000000                                                  000000000000161020101                     
1040001300054U 06000000000002450000000000000000000000000000000000000000000000000000000022950000000000022950000000000000000000000000000000200520112305201100002305201100000000000000000000000000000000000000000000000000000000000000000000       
1040001300055T 060000000838500000000  9000000000000013981100000000000000020052011000000000018576000014130000000000000000          090000000000000000                                                  000000000000161020101                     
1040001300056U 06000000000000000000000000003344000000000000000000000000000000000000000015232000000000015232000000000000000000000000000000200520112305201100002305201100000000000000000000000000000000000000000000000000000000000000000000       
1040001300057T 280000000838500000000                     0               00000000000000000000000000000000                         000000000000000000                                                  0000000000005200000000000                 
1040001300058U 280000000000000000000000000000000000000000000000000000000000000000000000000000000000000000000000000000000000000000000000002005201100000000000020052011000000000000000                              000                           
10400015         00006000000000000000000000000000000000000000000000000000000000000000000000000000000000000000000000                                                                                                                             
10499999         000001000062                                                                                                                                                                                                                   
